1828 2906
742 133 853 214 'st

138 306 204 351 rei
224 305 440 365 Cercopis
468 307 741 350 mentionem
769 306 949 349 faciunt.
1011 307 1158 360 Quare
1180 306 1407 366 Mena'gips
1437 309 1512 367 (ad

139 377 269 435 Πίος.
293 371 328 416 fl.
359 368 414 430 e.)
444 372 553 419 duos
568 374 790 437 ¹Gen-copes
804 374 936 419 fuisse
965 390 1057 419 non
1074 373 1195 419 male
1217 376 1378 429 statuit,
1407 394 1513 438 poe..

138 447 317 505 tamque
345 443 486 504 multo
516 446 827 505 antiquiorem.
888 443 1020 500 Quod
1038 445 1236 507 Heynius
1265 444 1515 507 Apollodo-

67 524 73 537 ‘
136 530 252 568 rum,
281 514 318 563 si
341 512 586 576 Gercopem
614 512 775 570 laudat,
804 515 1060 577 Aegimium
1088 532 1246 576 poema
1274 518 1513 578 respexisse

134 590 262 644 putat
291 584 438 643 (Obss.
470 582 525 627 ad
545 583 753 645 Apollod.
782 591 827 645 Ρ.
846 584 988 644 354·)3
1018 584 1080 637 id,
1112 586 1325 645 quoniam
1339 585 1513 629 fabulae

135 652 249 697 illae*
273 654 332 697 ab
370 664 628 714 argumento
669 655 880 715 poematis
905 670 1006 709 non
1033 652 1306 715 discrepant,
1346 672 1430 715 per
1466 671 1513 699 se

134 721 520 766 veri-similitudine
549 724 736 766 minime
761 736 901 768 earet:
941 723 1021 768 sed
1048 724 1161 767 mihi
1198 736 1345 767 tamen
1373 724 1514 768 Athe-

134 792 234 834 naei
266 789 456 852 quodam
485 791 584 838 loco
614 792 845 856 paululu'm
873 795 921 839 in
952 793 1137 839 dubium
1161 805 1340 838 vocatur
1368 794 1511 854 (XIII.

140 878 175 904 1.
204 878 250 922 p.
276 863 390 922 557).
450 863 577 907 Licet
606 864 723 907 enim
752 864 899 908 fabula
928 863 984 907 de
1006 864 1176 909 Theseo
1208 876 1250 908 et
1279 865 1370 908 eius
1398 880 1513 909 uxo-

112 932 271 985 ribus,
304 949 437 993 quam
456 933 706 976 Athenaeus
736 932 817 982 isto
848 933 947 977 loco
974 933 1214 996 elCereope
1245 950 1512 978 commemo-

103 1013 220 1055 *rat,
264 1014 307 1045 et
335 1001 431 1063 ipsa
460 1003 508 1045 in
537 1002 739 1063 Aegimio
770 1002 921 1051 locum'
960 1003 1159 1047 obtinere
1190 1004 1411 1064 potuerit3
1441 1001 1521 1050 id-,

135 1070 254 1115 circo
285 1082 432 1115 tamen
462 1089 558 1118 eam
585 1089 678 1117 non
708 1074 934 1115 statuerim
965 1088 1017 1115 ex
1047 1088 1098 1116 eo
1130 1071 1380 1115 desumtam‘
1397 1088 1510 1124 esse,

134 1139 258 1201 quod
276 1134 541 1208 Athenaeus
573 1143 652 1202 qui
683 1140 738 1184 de
769 1152 943 1186 auctore
974 1142 1068 1185 eius
1099 1140 1184 1185 alio
1215 1140 1314 1203 loco
1340 1140 1512 1185 dubitat

134 1210 232 1269 (XI.
269 1212 333 1273 15.
362 1227 408 1271 Ρ.
432 1212 562 1271 503.),
607 1213 670 1255 sic
705 1213 870 1255 nimiae
909 1213 1106 1255 iucuriae
1146 1210 1513 1272 vituperationem

133 1280 393 1324 incurreret.
453 1279 654 1325 Fortasse
684 1283 820 1342 igitur
849 1281 920 1325 hic
953 1281 1170 1342 Ceicops,
1200 1282 1402 1342 quisquis
1431 1280 1511 1324 ille

60 1372 70 1383 -·
131 1349 237 1404 fuit,
272 1348 490 1411 singulari
524 1349 674 1411 aliqua
714 1355 929 1410 συγγραφῇ
967 1363 1042 1394 aut
1079 1362 1280 1412 poemate
1311 1346 1511 1410 mythica

132 1420 341 1463 tractavit.
1482 1438 1483 1441 ¹

549 1574 592 1618 9.
646 1558 710 1603 ‘H
733 1576 757 1618 ρ
788 1577 816 1602 α
843 1578 868 1603 κ
894 1563 921 1603 λ
950 1577 968 1604 ε
998 1562 1015 1602 ἰ
1043 1578 1083 1603 α.
1100 1564 1127 1590 *

232 1616 310 1672 ἰΪῐι
339 1629 566 1674 neminem
595 1628 732 1673 alium
761 1641 927 1673 tantam
962 1629 1129 1673 molem
1147 1628 1391 1672 fabularum
1420 1631 1513 1672 sae-

130 1699 232 1759 pius
262 1698 347 1741 sibi
366 1686 753 1760 discrepantium,
790 1700 997 1759 quantam
1027 1699 1075 1741 in
1107 1696 1367 1751 He1culem,
1398 1698 1512 1742 anti—
1536 1729 1542 1735 ι

133 1761 275 1829 quitis
307 1769 542 1829 congessit:
573 1768 704 1811 rebus
734 1767 836 1811 feie
845 1768 1049 1813 omnibus
1065 1784 1166 1810 eum
1183 1768 1424 1810 immiscuit
1453 1768 1508 1825 (v.

131 1837 298 1897 Hey-nii
318 1837 447 1881 Obss.
476 1835 756 1898 adnApollocl.
774 1838 830 1880 ΙΙ.
858 1837 902 1893 4,
927 1839 967 1881 8.
998 1854 1043 1897 p.
1058 1838 1144 1880 '132
1170 1837 1300 1895 etss.).
1364 1837 1512 1890 Quare

130 1902 204 1950 vix'
214 1912 222 1921 ”
231 1905 378 1958 ullum
407 1922 585 1950 carmen
614 1907 791 1967 epicum
819 1905 1233 1971 videm-exstitisse,
1265 1905 1388 1966 quod
1401 1906 1514 1949 Her-

132 1974 275 2020 culem
311 1977 495 2021 omnino
514 1977 814 2038 ¹'praeterierit
839 1975 1031 2019 silentio.
1091 1976 1230 2018 Erant
1265 1976 1403 2035 igitur
1433 1974 1515 2018 Gi-

132 2044 437 2106 gantomachia
484 2046 539 2104 (ν’.
569 2044 779 2107 Apollod.
816 2045 848 2087 I.
887 2045 929 2088 6.
950 2057 953 2058 ’
978 2053 1012 2096 1³„
1057 2045 1170 2104 ibiq.·
1207 2044 1349 2105 Heyn.
1382 2044 1511 2087 obss·

130 2130 177 2174 Ρ
205 2114 570 2175 31.)‚Aeg1mio
601 2116 658 2174 (v.
683 2112 893 2171 Ἀὶγιᾷιίος
923 2113 1220 2174 Apollod.1[.
1254 2129 1292 2172 7,
1326 2129 1366 2172 7,
1397 2112 1509 2156 ibid.

134 2183 281 2251 Hey-n.
294 2182 425 2229 Obs's·.
454 2199 501 2245 Ρ.
513 2186 639 2243 195),
671 2195 730 2228 et
726 2182 835 2235 aliis
861 2180 954 2227 'fata
964 2184 1055 2226 eius
1083 2194 1141 2226 et
1154 2181 1267 2226 facta
1299 2194 1510 2226 enarrata.

133 2247 386 2298 Praeterea
400 2252 483 2297 alia
522 2255 730 2310 earmina
757 2243 1133 2305 historiameius,
1175 2253 1229 2295 ab
1259 2254 1353 2312 ipso
1365 2244 1515 2312 'argu-

134 2321 285 2365 mento
316 2321 531 2377 alienam,
558 2321 720 2368 obiter
749 2324 997 2384 attigerunt.
1059 2321 1134 2366 Sic
1176 2334 1327 2365 auctor
1356 2323 1515 2365 carmi-

134 2392 205 2435 nis
227 2390 396 2452 Cyprii
427 2393 655 2453 Nestolem
686 2392 741 2436 de
770 2392 928 2438 furor'e
956 2391 1158 2435 Herculis
1197 2393 1238 2436 ἐν
1265 2390 1516 2448 παρεκβάσει

134 2472 388 2505 narrantem
409 2460 514 2506 fecit
542 2462 620 2514 (cf
634 2463 747 2519 infra
767 2463 868 2521 2ο..)
930 2461 1189 2506 Carminum
1211 2472 1372 2514 autem,
1396 2475 1515 2521 quae

136 2546 189 2574 ex
218 2531 414 2575 instituto
431 2527 618 2576 Alcidae
644 2532 874 2576 histoliam
904 2532 1181 2591 exponebant
1203 2546 1416 2591 quaeque
1426 2529 1529 2573 He-'

135 2599 305 2646 racleae
333 2600 699 2655 inscribebantur,
729 2615 913 2662 magnus
942 2604 1152 2645 numerus
1179 2599 1287 2664 fuit:
1325 2604 1515 2661 qu'orum

1051 2672 1105 2712 ἁ*
