1828 2906
847 136 920 190 29·

198 292 284 337 est,
313 293 425 341 quae
453 279 666 342 exempiis
689 277 847 323 debeat
869 276 1122 327 diiudicari.
1179 262 1403 321 B'entleius
1431 278 1568 340 igitur

194 347 426 396 contendit
451 360 643 393 veterem
672 363 722 392 ac
750 364 898 392 veram
924 348 1123 401 ‘formam'
1140 344 1300 397 κῦκλιος
1324 361 1430 400 esse,
1460 348 1565 393 alte-

192 436 309 464 ram.
329 433 429 463 raro
466 430 635 463 tantum
669 406 788 479 apud
822 418 1018 462 Graecos
1055 414 1319 461 Scholiastas
1359 417 1563 465 inveniri.

191 485 285 549 Sed
313 485 482 531 duobus
512 486 703 547 exceptis
733 502 883 530 omnes
900 485 1001 538 loci,
1032 484 1088 527 ad
1117 500 1226 545 quos
1254 498 1478 545 provocat,
1508 488 1566 530 ad

190 554 370 602 melicos
400 556 580 619 cyclios,
608 566 658 599 ut
673 556 770 617 ipse
793 566 913 600 recte
930 553 1054 609 dicit,
1081 553 1328 615 pertinent:
1360 566 1471 616 quos
1488 574 1564 598 xv-

186 627 324 678 κλίους
345 626 451 680 dici,
482 638 527 670 et
541 641 621 685 ego
650 641 806 669 assero.
868 620 999 686 cycli
1022 639 1126 668 vero
1144 635 1299 684 poetae
1323 625 1562 686 ceterique,

187 701 299 757 quos
328 708 456 740 antea
482 693 811 756 descripsimus,
837 695 1013 739 κυκλικοὶ
1041 694 1212 755 ubique
1240 706 1462 739 vocantur.

357 768 504 810 Euseb.
534 769 714 824 Praepar.
741 770 892 823 Evangs
913 768 939 807 L
969 769 999 807 I·.
1034 782 1095 807 ιο.
1123 783 1164 822 p.
1196 770 1265 818 39.
1297 767 1362 807 ed.
1390 768 1528 823 Viger.

354 835 498 879 Ἔνθεν
519 832 720 887 Ἧαιόδος
742 834 790 895 ρῗ
814 852 857 878 τε
885 828 1059 878 κυκλικοὶ
1087 853 1124 878 κ.
1154 851 1191 877 τ.
1222 837 1259 877 λ.

353 908 475 964 Apud
502 904 726 949 SclioIiastas
752 906 913 948 Homeri
941 907 1061 946 sexies
1086 906 1227 961 legitur
1246 904 1437 958 κυκλικοί,
1468 923 1559 949 nus-

354 984 472 1032 quam
496 971 661 1017 κῦκλιοι.
763 969 769 982 “

352 1046 418 1088 Ad
447 1043 558 1087 Iliad.
586 1059 626 1100 y.
658 1044 761 1096 2425
791 1046 829 1087 σ“.
857 1042 964 1096 4863
993 1057 1030 1085 τ.
1058 1045 1169 1095 3323
1199 1052 1250 1097 ψ.
1282 1042 1378 1093 346.
1408 1048 1504 1086 660.

349 1115 416 1156 Ad
444 1115 567 1169 Odys.
594 1116 632 1156 λ.
664 1114 760 1167 547.
1570 1132 1572 1134 ·
1620 1125 1622 1127 ’

348 1174 604 1225 Callimachus
630 1185 671 1224 in
698 1184 833 1240 Epigr.
866 1198 933 1236 29.

342 1243 557 1308 Ἔχθαῖρω
585 1249 633 1293 τὸ
663 1251 823 1308 ποίημα
851 1249 899 1293 τὸ
928 1249 1116 1300 κυκλικὸν
1143 1267 1180 1294 κ.
1211 1261 1248 1293 τ’.
1280 1255 1317 1294 λ.

345 1323 569 1387 Athenaeus
596 1322 723 1363 LXI.
754 1325 793 1364 3.
823 1321 1066 1377 p.465.F.
1097 1321 1261 1364 Casauh.

338 1386 394 1433 Ὅ
420 1389 497 1445 τὴν
524 1387 714 1445 κυκλικὴν
746 1389 941 1445 Θηβοίίΰα
967 1388 1211 1445 πεποιηκώς.

343 1460 549 1508 Scholiasta
567 1461 768 1516 Sophoclis
788 1460 838 1500 ad
857 1460 960 1502 Oed.
982 1460 1068 1501 Col.
1092 1460 1199 1509 1440
1220 1462 1291 1513 (13
1296 1462 1349 1516 75
1367 1460 1553 1514 Brunck.)

335 1523 390 1570 ‘O
416 1525 493 1583 τὴν
519 1526 707 1584 κυκλικὴν
738 1527 846 1583 Θηβ.
875 1524 1064 1583 ποιήσας.

285 1665 367 1709 His
395 1666 505 1711 locis
522 1665 751 1714 ¹accedunt
779 1662 974 1710 Isidorus
1003 1665 1163 1725 (Etym.
1194 1666 1274 1710 VI.
1311 1671 1399 1726 17),
1429 1667 1549 1712 Acro

169 1733 214 1791 (l.
245 1739 322 1792 c.),
359 1747 403 1779 et
438 1735 643 1780 Horatius
681 1736 775 1796 ipse
803 1733 849 1790 (l.
888 1739 955 1790 c.).
1013 1734 1128 1778 Nam
1171 1733 1293 1797 quod
1319 1734 1548 1780 Bentleius

169 1805 219 1846 in
247 1804 428 1859 Horatio
459 1803 667 1864 cyclius
696 1804 873 1864 scripsit
910 1819 934 1847 e
964 1802 1134 1848 duobus
1166 1803 1308 1849 Codd.
1338 1801 1549 1866 (quorum

168 1871 293 1927 alter,
322 1884 372 1937 ut
400 1888 423 1916 e
442 1872 600 1932 Critici
616 1871 771 1918 've'rbis
800 1870 927 1916 facile
955 1870 1153 1934 colligas,
1183 1872 1395 1935 cyclius
1425 1891 1451 1918 a
1478 1889 1547 1919 se-

144 1941 311 1989 ,cunda
336 1959 470 1986 manu
496 1942 660 1986 habere
688 1940 890 1997 videtur),
918 1941 969 1985 id
996 1943 1093 1986 sine
1123 1959 1250 1987 causa
1268 1942 1392 2006 fecit.
1450 1943 1549 1989 Ad-

164 2011 232 2057 dit
268 2012 488 2058 suavius
526 2026 719 2057 sonare
747 2015 1097 2071 cyclius'olim,
1137 2028 1272 2073 quam
1308 2016 1548 2073 cyclicus:

161 2083 351 2137 Horatii,
389 2094 521 2144 puto,
558 2099 683 2128 aures
713 2083 968 2128 suavitatem
996 2081 1211 2128 eiusmodi
1239 2099 1333 2128 non
1359 2099 1546 2145 mag-no-

160 2168 270 2214 pere
317 2152 540 2197 curabant.
612 2152 821 2196 Ceterum
864 2151 953 2197 duo
995 2152 1068 2196 isti
1107 2151 1197 2197 loci
1207 2185 1221 2207 ‚
1263 2167 1372 2215 quos
1413 2165 1543 2200 antea

160 2221 360 2287 Bentleio
388 2223 438 2267 in
466 2238 588 2267 suam
615 2233 788 2283 partem
815 2222 1104 2285 reliquimus,
1135 2238 1188 2268 ex
1217 2223 1542 2289 epigrammatis

160 2293 293 2335 sumti
323 2303 425 2336 sunt
445 2297 670 2354 (v..supra)
699 2302 743 2336 et
757 2293 921 2356 *minus*
940 2293 1071 2336 etiam
1095 2290 1371 2347 auctoritatis,
1403 2309 1543 2355 quam

161 2358 406 2408 Scholiasta
445 2363 611 2428 quivis,
652 2356 735 2407 hac
772 2362 828 2406 ,in
867 2379 917 2407 re
954 2362 1133 2408 habent.
1205 2362 1360 2425 Itaque
1397 2362 1542 2410 forma

158 2432 335 2476 κυκλικοὶ
375 2442 419 2476 et
445 2433 616 2478 ratione
645 2444 689 2478 et
725 2433 979 2478 auctoritate
1016 2432 1347 2495 comprobatur3
1384 2433 1541 2479 κῦκλιοι

78 2497 82 2504 ’
157 2516 261 2560 vero
301 2498 459 2546 iisdem
494 2518 674 2563 prorsus
713 2513 843 2546 caret.
904 2502 1113 2547 Ceterum
1151 2502 1188 2547 si
1217 2517 1308 2564 quo
1334 2501 1435 2549 loco
1462 2501 1539 2548 κῦ-

155 2575 260 2615 κλιὸι
296 2582 451 2633 poetae
478 2573 619 2618 nostri
648 2583 877 2628 vocantur,
912 2570 1155 2618 videndum
1183 2584 1267 2627 est,
1301 2584 1452 2618 utrum
1479 2570 1536 2617 ab
