1828 2906
863 41 981 123 Ι’50

250 210 408 262 Schol.
431 215 490 261 ad
519 217 686 262 Phoen.
718 216 748 260 l.
770 233 806 260 0.
831 215 993 259 Athen.
1015 215 1094 259 XI.
1125 232 1170 281 Ρ.
1192 215 1325 276 503).
1379 214 1636 276 Argumen-

248 297 345 329 tum
375 288 468 329 eius
485 287 540 328 ab
557 285 780 346 Aegimio,
810 286 1094 328 Doriensium
1122 295 1307 328 auctole·
1327 285 1444 328 inter
1475 285 1636 329 Oetam

249 368 294 400 et
322 357 586 400 Parnassum
616 354 906 400 incolentium
940 352 1108 408 (Schol.
1140 352 1197 399 ad
1225 352 1407 398 Pindar.
1433 355 1584 417 Pyth.
1596 356 1641 400 I.

253 427 380 485 121.)‚
413 423 641 469 exordium
659 427 828 486 cepisse
848 423 1106 485 fabulasque
1136 440 1287 469 omnes
1318 422 1374 467 ad
1398 440 1496 468 eam
1524 441 1634 487 gen-

243 487 439 550 teniset‘*
460 495 686 538 auctorem
723 488 817 538 eius
847 489 1093 555 spectantes
1128 495 1324 538 breviter
1352 493 1537 539 videtur
1557 512 1631 540 ex-

239 562 453 624 posuisse.
517 564 664 618 Quare
694 563 1041 616 Valckenarium
1069 565 1312 610 rectissime
1342 575 1451 624 puto
1482 566 1630 625 suspia

239 640 383 688 catum
415 649 527 687 esse,
557 633 640 677 hoc
672 634 868 676 carmine
897 631 1081 687 bellum,
1113 632 1235 695 quod
1264 633 1493 694 Aegimius
1525 650 1627 678 cum

235 701 435 774 Lapithis
465 699 594 764 gessit
625 702 816 746 Hercule
847 703 1109 757 auxiliante,
1145 715 1463 765 pertractatum
1490 703 1626 749 fuisse

235 774 293 831 (v.
324 772 399 815 ad
409 768 575 822 Phoen.
593 772 637 818 l.
658 776 725 828 c..)
758 773 838 815 .In
870 772 1028 816 eodem
1058 774 1189 817 etiam'
1215 773 1288 815 Ius
1319 785 1362 816 et
1391 774 1624 837 Argonau-
1670 799 1675 806 ·

233 842 376 885 talum
397 841 584 895 fabulae,
605 842 761 887 saltem
780 830 937 896 obite1,
956 844 1175 904 expositae
1192 858 1239 886 01
1242 854 1317 886 ant
1333 846 1387 897 (v.
1407 842 1622 903 Stephan.

229 913 334 972 Byz.
356 911 397 955 l.
430 929 467 955 c.
500 912 648 956 Schol.
682 911 738 955 ad
768 912 934 956 Phoen.
967 913 997 955 l.
1020 930 1057 958 0
1081 912 1240 956 ..Schol
1274 911 1329 955 ad
1353 912 1505 973 Apoll.
1535 912 1619 956 Rh.

230 982 484 1050 IH·',5'37·)·
549 983 646 1037 Qua
683 983 855 1046 ratione
896 994 1027 1043 poeta
1061 981 1231 1026 'molem
1268 981 1428 1025 harum
1466 998 1620 1035 rerum

226 1050 503 1111 aliarumque
535 1050 801 1111 disposuerit
830 1053 947 1109 iuter
976 1063 1110 1111 seque
1130 1052 1424 1111 coniunxerit,
1456 1050 1618 1095 docere

227 1118 540 1172 Groddeckius
558 1115 738 1166 conatus
756 1133 820 1182 est
838 1120 898 1181 ¹(l.
922 1138 958 1164 c.
989 1137 1034 1182 p.
1052 1122 1108 1180 87
1140 1120 1235 1180 ets.)
1266 1135 1358 1165 nou
1377 1121 1483 1174 ‘sine
1508 1136 1619 1182 pro-

222 1189 452 1234 babilitate
473 1190 717 1252 disputans.
751 1228 753 1230 .
780 1192 930 1234 Unum
961 1203 1108 1234 tamen
1124 1206 1299 1250 moneo,
1332 1189 1456 1252 quod
1485 1192 1526 1233 ei
1543 1207 1615 1234 re-

219 1276 421 1321 pugnare
445 1260 633 1304 videtur.
694 1260 759 1315 Si,
791 1273 842 1304 ut
871 1260 948 1303 ille
979 1262 1139 1315 statuit,
1169 1261 1439 1322 Argonautis
1467 1266 1521 1303 ve'a
1541 1261 1613 1304 in-

220 1341 401 1373 tertexta
418 1329 612 1383 fuerunt,
645 1347 758 1391 quae
775 1330 1019 1374 Scholiasta
1037 1330 1269 1391 Apollonii
1301 1329 1376 1388 (ad
1394 1329 1471 1372 IV.
1490 1330 1609 1389 816.)

219 1398 276 1441 de
301 1400 620 1460 :experimento
653 1398 858 1443 Thetidis
895 1412 1078 1454 narrat-3·
1111 1400 1294 1443 historia
1313 1401 1315 1405 ’
1332 1399 1609 1459 Argonauta-

217 1485 334 1521 rum,
367 1468 617 1513 aedificatio
650 1469 848 1529 Cyrenes
878 1486 1081 1529 quaeque
1112 1467 1402 1520 antecedunt,
1444 1469 1515 1511 Ius
1546 1469 1609 1510 fa-

216 1537 345 1591 bula,
377 1537 486 1581 haec
517 1550 607 1592 tam
636 1534 776 1582 multa
807 1550 849 1582 et
880 1537 1049 1582 diversa
1079 1536 1272 1583 secundo
1303 1538 1353 1581 in
1383 1536 1501 1581 libro
1533 1553 1608 1580 ex-

212 1608 359 1669 posita
383 1624 475 1651 esse
502 1607 747 1655 debebant:
780 1606 903 1669 quod
932 1609 1002 1650 vix
1032 1607 1131 1651 fieri
1161 1609 1319 1669 potuit.
1365 1608 1480 1651 'Iam
1503 1623 1618 1652 vero.

214 1694 267 1721 ex
296 1678 353 1720 iis
386 1694 501 1740 quae
533 1677 789 1732 dictasunt,
822 1677 1221 1739 affatimyapparere
1250 1688 1377 1740 puto,
1407 1693 1607 1721 necessa-

209 1747 323 1792 riam
353 1748 469 1807 cycli
498 1759 672 1808 partem
701 1748 786 1791 hoc
807 1760 1011 1807 poemate
1035 1742 1409 1807 ¹comprehensam
1438 1763 1530 1790 esse
1561 1741 1612 1791 et‘
1670 1751 1671 1754 ’

210 1816 392 1877 siquid
419 1832 501 1876 ego
535 1816 700 1869 iudico,
737 1815 845 1859 alibi
874 1818 1098 1873 nonsatis
1129 1828 1453 1877 pertractatam.
1496 1816 1602 1868 VAe-

210 1886 397 1944 gimium
427 1897 574 1928 autem
591 1886 706 1930 rsatis
737 1881 971 1948 antiquum
991 1886 1140 1945 fuisse,
1171 1895 1221 1929 ut
1250 1885 1428 1945 cyclicis
1459 1900 1613 1929 annu-m

206 1955 368 2010 merari
384 1955 535 2015 possit,
560 1970 613 1997 ex
634 1969 685 1997 οο
703 1952 811 1997 licet
826 1953 1030 2015 intelligi,
1064 1952 1186 2014 quod
1200 1952 1311 1997 illud
1331 1970 1510 1998 carmen
1531 1953 1600 1998 vel

191 2023 402 2068 ‘Hesiodo
424 2024 618 2067 adscribi
643 2021 755 2067 solet
782 2023 852 2068 vel
869 2023 1062 2084 Cei-copi
1081 2022 1256 2067 Milesio
1287 2024 1344 2082 (v.
1361 2023 1536 2067 'Athen.
1566 2021 1596 2066 l.

205 2109 242 2136 0.
285 2088 497 2154 Stephan.
526 2094 629 2153 Byz.
659 2092 692 2136 l.
725 2093 804 2152 c.),
843 2109 978 2154 quem
1008 2093 1230 2153 Diogenes
1261 2093 1462 2137 Laertius
1483 2108 1597 2135 .cum

203 2161 398 2208 Hesiodo
444 2175 718 2218 concertasse
759 2160 869 2207 dicit
914 2163 993 2223 (ΙΙ.
1038 2163 1143 2226 46).
1212 2162 1306 2224 Ego
1348 2162 1603 2224 Cercopem'

202 2234 294 2275 eius
325 2244 552 2276 auctorem
583 2248 674 2276 esse
691 2243 833 2276 statuo
857 2233 1012 2293 (quem
1041 2232 1158 2276 illud
1189 2244 1411 2276 certamen
1429 2232 1596 2277 Home-

199 2301 344 2354 lislam
385 2300 476 2345 0550
517 2302 756 2362 significat)
794 2313 868 2345 aut
906 2319 979 2346 001
984 2315 1023 2346 te
1055 2318 1202 2364 neque
1232 2286 1477 2362 Hesiodum
1514 2316 1595 2343 nc-
1639 2322 1646 2333 s

199 2367 287 2432 que
318 2370 578 2416 Hesiodium
609 2388 893 2434 quemquam.
957 2373 1067 2426 Quis
1099 2383 1243 2414 autem
1275 2358 1467 2432 Ceicops
1509 2369 1590 2413 ille
1621 2383 1624 2385 ·

196 2441 349 2494 fuerit,
393 2459 554 2503 parum
584 2453 764 2485 constat.
828 2441 987 2486 Cicero
1031 2440 1113 2501 (de
1135 2441 1232 2485 Nat.
1263 2441 1398 2485 Deor.
1430 2440 1465 2483 Ι.
1497 2439 1588 2497 38)

198 2510 482 2555 ‹at-Clemens
512 2510 840 2556 Alexandrinus
872 2511 1053 2583 (Sti-om.
1076 2512 1118 2554 Ι.
1150 2529 1195 2571 p.
1214 2512 1331 2571 397.)
1367 2508 1588 2570 Pythago-,-
