1828 2906
924 50 1008 143 56'

258 231 458 293 Argivas,
488 247 582 277 non
602 232 845 295 Sicyonias‚
876 245 1073 294 spectare
1091 234 1223 289 dicat,
1253 237 1426 281 nescire
1443 237 1515 281 'me
1536 250 1648 296 nono⁷
1681 232 1685 235 ’

257 301 403 346 fiteor.
473 300 666 346 Videtur
708 301 787 346 ille
828 292 967 364 lapsus
1002 305 1239 349 memoriae
1287 306 1338 349 in
1377 305 1651 352 Phoronidis
1699 308 1704 314 ’

255 372 408 417 versus
437 373 689 425 aberrasse,·
706 375 783 433 qui
804 371 960 437 eodem
976 373 1075 418 loeo
1095 373 1305 435 leguntur
1317 375 1379 418 'ad
1403 377 1643 427 Iunonem„

256 458 346 504 que
389 441 598 504 Argivam
633 443 875 503 pertinent.
952 441 1157 488 salmasii
1193 444 1260 500 (in
1308 443 1411 488 Soli
1440 461 1486 506 p.
1511 447 1641 503 603.)

252 513 559 574 suspicionem*
590 510 742 555 falsam
771 508 820 557 et'
844 514 1144 568 temerariam,
1174 530 1283 558 num
1300 513 1423 558 ‘forte
1453 515 1640 562 eandem

249 582 493 642 Europiam
544 579 619 624 alii
658 581 901 637 Nicandro,
957 575 1147 628 Eumelo
1187 582 1263 627 alii
1310 582 1637 645 adscripserint,

250 662 598 695 commemoratu
627 652 700 694 vix
717 651 897 711 dignam
916 668 1008 695 esse
1030 665 1155 714 puto.
1217 653 1407 705 Carmen
1434 666 1637 700 nostrum

248 736 389 781 aeque
419 731 537 763 recte
554 720 766 777 Εὗρώπια,
801 736 935 781 quam
954 721 1173 779 Εὗρώπεια
1203 723 1480 784 inscribitur:
1512 723 1635 785 quod

246 807 349 834 cum
365 789 588 849 Scaligero
620 802 771 834 contra
793 789 1056 835 Salmasium
1086 791 1187 836 dico
1217 792 1287 846 (cf.
1312 792 1628 852 Heynii,Obss'.

244 859 301 903 ad
328 854 541 920 Apollod.
588 859 666 902 III.
704 875 739 902 1.
778 876 823 921 p.
866 850 993 916 mn).
1065 861 1210 917 Quare
1247 873 1393 905 autem
1433 860 1662 924 Scaliger.

241 943 291 975 et
316 929 556 974 Salmasius
602 931 733 973 etiam
769 930 950 988 Εὐρώπη
991 932 1156 975 iustum
1192 930 1389 975 indicem
1426 948 1518 975 esse
1559 932 1630 976 di-

234 1013 365 1061 cant,
406 1000 578 1055 nescio3
618 1000 858 1048 Pausaniae
903 1001 1024 1043 enim
1062 1000 1193 1043 verba
1230 1000 1292 1044 τὰ
1332 1000 1419 1058 ἴπη
1458 1001 1517 1044 τὰ
1541 1004 1628 1054 .εὶς

236 1069 481 1128 Εὐρώπην
509 1071 655 1131 potius
686 1071 734 1112 in
764 1071 1031 1114 contrariam
1056 1071 1327 1113 ‘sententiam
1357 1073 1625 1134 conspirant.

234 1141 385 1199 Atque
416 1138 551 1183 index
580 1140 788 1183 carminis
818 1139 1036 1182 Nicandri
1067 1138 1135 1182 illi
1162 1141 1365 1201 opinioni
1393 1140 1506 1189 nihil
1531 1141 1630 1191 'suf-'

230 1209 442 1268 fragatur.

607 1349 677 1395 16.
740 1350 1232 1392 Οῖὸιποὸιἀ.*

344 1417 442 1462 Hoc
481 1434 661 1461 carmen
704 1417 873 1461 fabulas
916 1418 1162 1462 Thebaicas
1204 1416 1309 1461 inde
1349 1418 1403 1471 ab
1446 1417 1616 1481 Oedipi

223 1489 385 1549 primis
416 1488 690 1547 temporibus
728 1487 786 1530 ad·
823 1490 1069 1546 extremum
1098 1504 1238 1547 usque
1270 1489 1361 1530 eius
1391 1487 1530 1530 satum
1557 1494 1612 1542 (v.

222 1556 437 1619 Apollod.
471 1558 553 1600 III.
588 1559 625 1601 5.
659 1563 777 1615 etss.)
801 1556 1025 1617 produxit,
1093 1558 1147 1600 In
1186 1574 1236 1601 eo
1271 1558 1410 1617 igitur
1447 1558 1612 1601 semina

220 1628 368 1689 prima
419 1625 749 1687 tragoediarum
795 1626 1238 1683 celebratissimarum
1275 1626 1480 1670 «fuerunt.
1560 1626 1610 1671 Si

220 1709 368 1741 tamen
399 1698 638 1740 Pausaniae
670 1696 851 1739 credere
882 1696 1008 1748 licet,
1050 1714 1209 1756 magna
1252 1713 1355 1739 cum
1394 1696 1611 1757 simplici-

217 1778 305 1811 tate
333 1768 382 1810 in
414 1765 669 1829 Oedipodia
697 1764 867 1810 fabulae
897 1764 999 1810 illae
1029 1778 1233 1810 tractatae
1264 1777 1406 1810 erant:
1438 1765 1609 1811 nullam

219 1839 340 1890 enim
378 1839 426 1879 in
466 1854 515 1880 ea
547 1836 736 1898 Oedipi,
784 1838 862 1898 qui
903 1854 927 1880 e
964 1848 1103 1880 matre
1141 1836 1306 1882 liberos
1344 1839 1606 1898 procrearit,

216 1908 495 1951 mentionem
535 1907 635 1950 fieri
666 1905 775 1950 dicit
803 1907 901 1962 (IX.
944 1909 982 1951 5.
1027 1909 1097 1962 5.).
1155 1905 1607 1968 Scholiasta-Euripi-

216 1977 285 2020 dis
315 1977 389 2032 (ad
408 1978 573 2020 Phoen.
612 1976 751 2035 1748.)
773 1975 1071 2036 Oedipodiam
1100 1978 1259 2019 incerti
1290 1978 1479 2020 auctoris
1509 1976 1606 2019 lau-

213 2046 291 2091 dat
329 2045 504 2090 dicens:
547 2047 588 2089 οἳ
616 2046 692 2103 τήν
724 2047 967 2090 Οἷδιποδιάν
995 2041 1223 2104 γράφοντες
1250 2064 1286 2090 κ.
1318 2063 1354 2092 τ.
1394 2048 1436 2090 λζ
1498 2044 1605 2090 Plu-

210 2117 317 2163 ralis
348 2118 389 2161 οἳ
415 2116 646 2175 γράφοντες
668 2106 789 2160 vnihil
818 2115 954 2169 aliud,
986 2133 1121 2179 quam
1149 2115 1398 2176 singularis,
1435 2112 1511 2160 hic
1542 2118 1601 2160 si-

212 2186 395 2247 gnifieat
433 2186 505 2247 (cf.
548 2185 699 2231 Schol.
742 2185 799 2230 ad
835 2184 982 2247 Apoll.
1031 2186 1113 2229 Rh.
1155 2187 1281 2242 308.).
1354 2185 1446 2230 Sed
1484 2187 1598 2231 miro

209 2256 343 2300 modo
364 2258 575 2301 Praesens
604 2273 686 2321 pro
703 2257 945 2315 Praeterito
976 2268 1237 2317 usurpatum
1267 2268 1331 2300 est
1360 2255 1596 2311 (ut·Schol.

210 2325 268 2369 ad
297 2326 428 2370 Pind.
467 2326 622 2370 Isthm.
656 2328 731 2371 IV.
766 2328 834 2372 58.
867 2338 910 2369 et
939 2325 1024 2383 aL).
1085 2326 1206 2369 Num
1244 2326 1424 2370 fortasse
1453 2325 1596 2370 homi-

204 2414 284 2440 nes
326 2398 399 2440 isti
428 2397 537 2441 haee
565 2397 707 2441 forma
745 2413 829 2458 pro
859 2397 1036 2441 Aoristo
1075 2394 1269 2440 secundo
1306 2395 1508 2456 (γραφῶν)
1546 2408 1596 2439 ut

202 2467 420 2511 habeatur
446 2465 707 2511 voluerunt?
739 2466 983 2512 Scholiasta
1012 2465 1091 2511 illo
1121 2465 1221 2510 loco
1252 2464 1340 2511 duo
1359 2481 1507 2511 versus
1539 2463 1593 2509 de

204 2537 411 2599 Sphinge
437 2539 643 2592 servavit,
677 2539 756 2599 qui
786 2549 935 2581 utrum
965 2554 1018 2597 ex
1049 2535 1303 2598 Oedipodia
1333 2554 1391 2582 an
1422 2553 1474 2580 ex
1504 2535 1593 2579 He-
