1828 2906
856 91 920 138 21

319 228 474 273 Altera
513 234 659 273 autem
693 227 890 289 quaestio
935 227 991 272 de
1016 221 1231 289 vtempore
1267 240 1353 282 est,
1403 233 1579 291 quando

203 308 406 363 poemata
444 295 556 358 cycli
596 297 861 342 interierint.
931 298 999 341 Ex
1040 297 1185 342 verbis
1222 294 1369 341 Photii
1382 332 1395 352 ‚
1435 316 1579 362 neque

202 368 254 413 id
280 367 468 420 iniuria,
482 370 488 375 ’
503 366 691 411 forsitan
720 365 881 427 aliquis
920 360 1117 425 colligat,
1155 364 1314 422 Procli¹
1338 379 1476 412 aetate
1505 368 1580 414 illa

201 437 352 483 omnia
392 434 535 481 adhuc
574 434 865 498 superfuisse3
892 436 966 480 *sic
996 435 1120 479 enim
1147 434 1227 479 ille
1264 436 1443 482 scribit:
1487 441 1582 483 Λέ-

197 514 260 565 γει
275 507 335 550 ’δὲ
361 506 584 566 (Πρόκλος)
609 503 667 557 ὥς
691 510 770 550 τοῦ
798 507 936 550 ἓπικοῢ
964 503 1113 549 κῦκλού
1139 505 1195 549 τὰ
1217 506 1435 562 ποιήματα
1463 510 1581 552 δια-

200 573 411 630 σώζεται
439 577 506 620 καὶ
536 574 870 628 σπουδάζεται
900 581 989 625 τοῖς
1016 578 1184 625 πολλόῒς.
1210 579 1264 630 (v.
1283 574 1314 620 l.
1332 580 1401 631 c.).
1460 576 1580 637 Ergo

165 665 169 668 ·
198 643 350 690 Procli
386 643 658 705 temporibus
697 642 776 704 illa
812 659 905 687 non
944 641 1088 688 modo'
1104 639 1337 704 deperdita
1365 661 1458 690 non
1485 646 1584 690 fue-

197 724 327 767 runt,
376 712 456 757 sed
476 711 733 774 ‘diligenter
778 714 910 756 etiam
946 712 1187 773 multisque
1230 712 1422 758 lectitata
1464 728 1579 761 sunt.

197 782 268 827 At
289 798 368 843 ego
398 793 546 826 tamen
574 780 680 845 hoc*
698 782 760 826 ita
787 797 941 825 verum
971 797 1062 825 esse
1090 784 1229 842 puto,'
1264 794 1315 826 ut
1342 774 1579 844 permulta,

194 867 292 897 non
321 852 489 905 omnia,
527 852 725 894 carmina
754 844 921 911 cyclica
939 847 1145 894 Proclum
1174 851 1311 895 oculis
1340 853 1428 896 suis
1451 869 1581 898 usur-

195 934 323 984 passe
356 920 620 964 existimem.
689 919 835 974 Quam
865 919 1185 970 dubitationem
1225 919 1280 962 de
1310 920 1458 966 Photii
1487 922 1579 967 fide

197 1007 289 1034 esse
324 990 533 1034 iniustam
570 1002 613 1034 et
641 990 938 1043 temerariam,
981 990 1060 1050 qui
1098 1001 1405 1050 excerptorum
1432 1008 1578 1036 mores

193 1048 516 1120 non-ignorat,
555 1075 685 1104 nemo
727 1058 855 1103 dicet.
917 1058 1024 1103 Sed·
1049 1058 1172 1120 quod
1200 1060 1396 1120 Heynius
1427 1077 1480 1104 ex
1509 1062 1579 1105 in-
1637 1095 1640 1103 .

193 1130 293 1175 dice
320 1129 545 1175 Procliani
573 1129 679 1173 libri
708 1127 1038 1188 (χρηστομάθεια
1075 1130 1421 1187 γραμματικὴ)
1451 1130 1579 1175 colli-

194 1201 279 1261 git,
327 1198 539 1244 Proclum
584 1215 694 1260 opus
742 1213 869 1242 suum
919 1214 971 1241 ex
1013 1210 1140 1258 parte
1183 1197 1338 1243 saltem
1378 1211 1577 1245 veterum

195 1269 601 1312 Grammaticorum
629 1267 767 1311 ductu
796 1266 1056 1320 confecisse,
1087 1265 1135 1310 id
1163 1284 1267 1311 sane
1297 1270 1472 1313 mireris
1502 1271 1573 1324 (cf.

189 1337 385 1382 Bibloth.
430 1348 531 1381 vett.
563 1335 648 1380 litt.
691 1345 734 1391 et
774 1347 871 1379 artt.
901 1335 1003 1379 fasc.
1036 1336 1070 1379 I.
1103 1335 1224 1379 [ned.
1254 1353 1300 1396 p.
1336 1342 1426 1396 17):
1469 1355 1574 1382 nam

191 1404 419 1470 epitheton
442 1402 708 1465 ’γραμματικὴ
739 1405 866 1450 aliter
894 1404 1033 1467 idque
1067 1404 1228 1450 melius
1257 1418 1402 1467 potest
1431 1408 1574 1469 expli-'-

190 1479 296 1522 cari.
373 1476 498 1519 Idem
546 1488 693 1519 tamen
744 1474 799 1519 de
842 1476 1028 1519 Tzetzae
1076 1474 1353 1537 supellectile
1400 1476 1575 1522 erudita

189 1549 356 1608 optime
393 1546 563 1590 iudicat
600 1546 797 1601 (Excurs.
828 1545 864 1588 I.
902 1544 958 1588 ad
986 1544 1112 1606 Virg.
1142 1545 1255 1589 Aen.
1286 1545 1343 1590 ΙΙ.
1373 1563 1418 1607 Ρ.
1450 1547 1574 1605 361);

186 1617 311 1679 quod
351 1618 473 1660 enim
512 1613 769 1659 Dodwellus
810 1613 881 1669 (de
912 1613 1034 1674 Cycl.
1079 1613 1233 1658 Graec.
1273 1628 1318 1659 et
1360 1618 1486 1673 Rom.
1524 1617 1600 1678 ps

187 1688 291 1742 803)
319 1686 667 1730 Grammaticmn
706 1685 840 1727 istum
884 1683 998 1743 cycli
1047 1695 1249 1744 poemata
1289 1686 1378 1728 suis
1428 1687 1569 1746 ipsius

186 1755 328 1802 oculis
356 1754 514 1814 legisse
544 1766 588 1797 et
616 1754 668 1815 in·
693 1764 879 1796 centone
925 1752 1061 1798 Iliaco
1091 1754 1437 1799 consarcinando
1467 1755 1569 1798 ubi-

185 1841 276 1886 que
313 1834 513 1873 secutum
548 1838 640 1866 esse
680 1822 905 1882 opi-natur,
945 1820 995 1864 id
1035 1822 1314 1876 confidenter
1342 1823 1443 1867 dico
1474 1840 1568 1869 esse

182 1892 465 1943 falsissimum
492 1891 698 1949 (cf.·Part;
728 1903 841 1952 post.
871 1891 912 1935 6,
944 1895 1081 1947 extu).
1139 1891 1311 1943 Verum
1324 1891 1433 1936 haec
1462 1893 1570 1938 hac-

183 1977 331 2009 tenus:
346 1968 489 2009 v‘sunt'
512 1963 633 2006 enim
667 1960 751 2005 hae
791 1962 1066 2022 quaestiones
1106 1959 1335 2016 eiusmodi,
1367 1980 1480 2024 quae
1509 1962 1567 2008 de

182 2026 369 2096 singulis
398 2031 666 2079 carminibus
695 2031 951 2096 singulatim
979 2030 1171 2077 debcant
1198 2032 1384 2078 institui.

819 2339 922 2388 XII.

300 2449 431 2497 Unde
470 2450 770 2515 complexioni
808 2450 881 2496 illi
918 2460 1174 2514 poematum
1211 2449 1359 2510 κύκλου
1398 2464 1564 2496 nomen

182 2523 439 2586 impositum
466 2522 538 2578 sit,
565 2523 653 2570 ‘viri
670 2521 793 2583 ‘docti
811 2522 964 2585 plures
992 2522 1184 2569 rationes
1205 2520 1380 2583 sibique
1402 2520 1565 2566 discre-
