1828 2906
896 71 966 122 28

239 209 556 257 declamatores
594 211 895 257 circulatoi
904 227 956 263 es
998 211 1227 275 appellant
1264 211 1393 270 (Plin.
1425 211 1507 276 Ep.
1538 212 1616 258 ΙΙΙ.

238 286 295 340 7).
356 281 584 326 Postremo
623 283 729 327 huie
766 283 939 327 nomini
955 280 1182 326 Martialis
1218 280 1417 327 alludere
1444 281 1619 328 videtur

235 351 407 413 (Epigr.
440 352 498 396 Π.
529 352 601 407 86)
630 353 692 395 ita
720 352 934 397 scribens:

410 424 559 465 Scribat
588 426 750 465 carmina
779 426 928 466 circulis
955 426 1171 472 Palaemon.

318 568 322 573 ,
353 524 544 579 Quartus
574 523 714 579 locus,
745 541 878 587 quem
906 524 991 572 viri
1020 524 1140 570 docti
1170 522 1350 587 quidam
1367 524 1483 585 cycli
1507 540 1616 586 poe-7

234 594 290 637 tis
339 594 697 649 immiscuerunt,
746 594 804 638 de
837 601 983 653 χοροῖς
1016 595 1193 646 κυκλίοις
1214 606 1305 648 εει..
1376 594 1466 649 Qui
1502 610 1618 655 quo-

228 664 353 707 niam
390 661 448 708 ad
484 676 680 709 nostram
718 662 1061 730 disputationem
1094 664 1209 709 nihil
1248 664 1415 709 faciunt
1452 661 1615 724 aliique

228 730 287 775 de
325 733 378 776 iis
415 749 467 777 ea
496 732 821 794 disputarunts
839 749 952 794 q‘uae
988 734 1103 777 mihi
1142 734 1218 778 hic
1255 734 1411 778 saltem
1449 733 1616 777 satisfa-

226 802 364 857 ciant;
400 802 597 850 alienum
635 802 689 845 ab
727 802 813 848 hoc
848 801 945 847 loco
984 805 1134 864 putavi
1173 801 1228 846 de
1266 814 1422 870 natura
1461 819 1615 847 eorum

224 870 464 933 quidpiam
500 887 684 917 monere
719 878 773 928 (v.
802 871 946 917 Bentl.
978 872 1145 935 Opusc.
1183 862 1299 917 Phil.
1335 889 1381 933 p.
1413 872 1503 932 319
1542 865 1613 915 ed.

220 940 350 1001 Lips.
392 939 573 984 Salmas.
603 943 652 985 in
684 942 776 986 Sol.
806 958 852 1003 p.
894 942 978 1001 596
1007 943 1205 1004 Interpp.
1237 941 1293 985 ad
1322 940 1463 985 Procl.
1494 939 1614 1001 apud

224 1010 449 1057 Ga-isford.
488 1027 534 1072 p.
575 1010 675 1068 414.
713 1011 847 1071 4170.
915 1012 982 1060 Ac
1020 1011 1272 1077 plerosque>
1298 1009 1427 1056 video
1466 1012 1516 1057 in
1557 1027 1609 1056 eo

156 1114 163 1125 .
220 1092 345 1124 recte
375 1081 645 1134 consentire,
685 1080 830 1125 choris
870 1080 959 1124 illis
996 1098 1020 1124 a
1055 1081 1196 1125 forma
1224 1096 1302 1123 sua
1330 1095 1496 1139 nomen
1524 1080 1611 1123 im·-

218 1151 419 1211 positum
465 1167 569 1195 esse.
639 1150 774 1195 Unde
813 1150 886 1205 fit,
936 1153 996 1195 ut'
1025 1167 1201 1212 semper
1247 1149 1420 1194 dicatur
1457 1148 1610 1194 κῦκλιοι

210 1220 351 1277 χοροί,
384 1236 616 1280 nunquam
643 1222 834 1264 κυκλικοί.
894 1220 1009 1263 Nam
1036 1220 1197 1271 κύκλιος
1223 1236 1366 1281 prope
1394 1218 1523 1275 idem
1545 1230 1610 1262 est

216 1305 322 1333 cum
350 1289 622 1346 κυκλοειδῆς,·
636 1290 825 1342 xvxi-mbr
853 1307 955 1334 vero
984 1287 1168 1351 proprie
1196 1288 1260 1344 id,
1292 1288 1414 1350 quod
1446 1279 1503 1332 ad
1529 1288 1604 1332 κῦ-

211 1363 313 1403 κλον
339 1359 535 1427 pertinet
564 1360 746 1420 eiusque
775 1361 877 1421 pars
908 1371 992 1414 est,
1030 1359 1263 1419 significat.
1326 1360 1446 1414 Quae
1476 1352 1604 1401 diffe-

213 1428 358 1472 remia
389 1445 659 1489 quamquam
698 1429 748 1472 in
781 1428 1007 1490 plerisque
1041 1428 1267 1473 vocabulis
1296 1427 1386 1472 fere
1415 1427 1603 1488 negligi-

213 1508 309 1552 tur3
350 1498 402 1540 in
440 1508 591 1541 nostro
632 1509 803 1551 tamen,
844 1499 881 1540 si
910 1513 1051 1542 unum
1079 1497 1319 1541 alterumve
1348 1496 1499 1549 locum
1529 1513 1603 1539 ex-

213 1567 406 1629 ceperis,
450 1562 717 1611 constanter
738 1567 1003 1612 observatur.
1067 1568 1211 1623 Quare
1250 1583 1390 1629 quum
1418 1567 1468 1610 in
1497 1565 1600 1609 Ari-

207 1638 428 1698 stophane
446 1637 614 1697 ubique
632 1636 820 1697 legatur
823 1636 978 1679 κῦκλιοι
993 1639 1129 1695 χοροί,
1162 1637 1388 1680 Bentleius
1410 1635 1596 1695 (Opusc.

207 1722 256 1769 Ρ
296 1708 383 1766 319
422 1711 522 1762 etc.)
561 1707 612 1750 in
649 1722 740 1751 uno
787 1706 962 1754 Comici
1004 1706 1271 1769 fragmento,
1316 1705 1441 1768 quod
1480 1703 1600 1767 apud

205 1776 486 1828 Athenaeum
511 1774 687 1836 legitur,
718 1778 886 1837 optime
914 1776 1030 1829 hanc
1047 1776 1235 1820 formam
1257 1776 1463 1820 restituit.
1521 1774 1598 1818 Sic

206 1846 342 1891 ‚etiam
380 1846 431 1888 in
461 1844 652 1889 Scholiis
683 1844 740 1889 ad.
774 1845 1086 1909 Aristophanis
1116 1845 1266 1888 Nubes
1304 1849 1359 1899 (v.
1391 1845 1440 1889 31
1455 1849 1493 1899 1)
1520 1861 1595 1887 κυ-

204 1916 345 1965 κλίους
390 1915 632 1957 rectissime
680 1913 759 1956 ille
787 1915 1005 1974 reposuit3
1052 1915 1141 1956 nisi
1187 1914 1299 1957 forte
1349 1912 1595 1956 Scholiasta

204 1985 304 2046 ipse
335 1984 498 2028 erroris
528 1993 682 2027 auctor
710 1994 786 2026 est.
849 1988 1127 2046 Quamquam
1156 1972 1434 2026 Herm'annus
1464 1981 1592 2027 aliter

202 2054 382 2100 videtur
410 2053 623 2099 iudicare
638 2054 712 2110 (ad
738 2053 768 2098 l.
796 2055 872 2120 c..)

319 2160 417 2229 Iam
439 2175 542 2206 vero
566 2158 889 2221 quaerendum'
901 2171 979 2216 est,
1008 2171 1165 2223 poetae
1196 2158 1308 2222 cycli
1347 2169 1497 2203 utrum
1513 2174 1587 2202 κυ-

201 2232 329 2273 κλικοὶ
358 2223 416 2274 an
443 2230 599 2287 κῦκλιᾳι
628 2230 811 2275 dicendi
839 2232 939 2275 sint.
998 2232 1199 2276 Priorem
1224 2242 1372 2274 autem
1396 2228 1587 2272 formam

177 2306 285 2360 ‘per
319 2315 366 2343 se
393 2294 626 2346 meliorem
651 2317 756 2355 esse,
787 2316 841 2345 ex
868 2301 924 2344 iis
946 2299 1134 2361 intelligi
1152 2299 1278 2354 licet,
1308 2313 1435 2362 quae
1450 2296 1584 2344 modo

200 2369 321 2414 dicta
335 2382 450 2415 sunt.
510 2372 628 2431 Ergo
649 2370 841 2415 Bentleii
857 2370 1089 2429 sententia,
1121 2370 1289 2431 quippe
1308 2368 1386 2429 qui
1402 2368 1475 2426 (ad
1491 2367 1583 2429 Ho-

198 2451 281 2485 rat.
299 2437 395 2485 Art.
413 2452 531 2501 poet.
558 2457 571 2484 ι
582 2440 654 2495 36)
671 2440 783 2500 cycli
799 2452 950 2501 poetas
967 2439 1178 2490 κυκλικοὺς
1193 2449 1312 2482 recte
1331 2437 1420 2484 dici
1436 2434 1581 2500 negat,

196 2511 372 2556 ratione
401 2511 525 2555 nulla
556 2511 881 2571 comprobatur.
942 2511 1114 2555 Verum
1142 2509 1249 2553 haec
1276 2526 1346 2554 res
1364 2506 1582 2554 eiusmodi
