1828 2906
801 97 999 144 &56

270 238 359 291 ψἀς
389 237 434 279 δὲ
461 236 627 288 πώλους
658 236 715 288 ὥς
734 246 771 280 6
798 240 863 289 M
882 241 930 281 Σ.
966 237 1125 298 ·'E1'go.
1138 236 1225 280 nisi
1254 235 1367 296 quid
1396 234 1522 278 altius
1553 233 1658 278 suh-

272 316 351 359 est‚
382 305 527 368 quod
519 307 763 351 'hominem
792 305 845 350 de
874 306 1007 366 plebe
1037 305 1191 359 lateat,
1220 305 1295 349 hic
1323 322 1473 349 versus
1500 305 1565 348 in
1578 304 1673 360 Di-„

271 373 390 435 phili
419 374 640 418 Theseide
679 374 906 437 legebatur
945 386 988 417 et
1015 374 1207 435 Diphili
1219 373 1412 417 Theseis.
1441 386 1535 431 erat
1562 389 1659 417 car-

273 459 382 488 men
394 444 649 488 iambicum.
686 445 874 500 Quare
881 459 996 488 sane
991 428 1308 488 Hermannum
1324 442 1518 498 mireris,
1536 441 1660 506 quod

275 513 505 565 Bcckium,
528 514 615 573 ‘qui
648 529 700 557 ex
728 514 798 558 his
817 514 994 559 scholiis
1022 513 1108 559 hoc
1137 509 1258 557 idem
1288 511 1660 567 conclusa-anea

275 581 569 643 negligentius
610 583 849 644 inspexisse
885 584 944 627 ait
969 582 1054 638 (ad
1087 584 1269 627 Aristot.
1299 583 1419 626 Poet.
1460 597 1506 642 p.
1536 585 1658 642 ¹¹9⁸)-

276 652 444 694 Verum
485 650 541 693 ad
569 654 850 713 propositum
888 647 1182 707 revertamur,
1221 664 1271 696 ut
1297 650 1522 696 videamus
1550 666 1661 710 num

275 720 460 763 Theseis
491 719 642 782 aliqua
682 720 857 782 cyclicav
878 721 1024 765 fuerit.
1086 721 1322 766 Salmasius
1358 720 1446 765 hoc
1474 719 1664 764 affirmat

277 790 344 843 (in
374 788 517 832 Solin.
547 805 593 849 p.
612 791 709 846 595.
732 791 795 844 b.)
824 789 1114 850 Heyniusque
1146 806 1247 832 eum
1275 791 1476 848 sequitur
1504 793 1558 843 (v.
1575 789 1665 830 Ex-

278 872 392 900 curs.
424 857 459 900 I.
492 855 548 899 ad
578 858 690 900 Aen.
723 857 856 919 1121).
883 858 995 915 354).
1056 859 1149 918 Ego
1178 858 1232 900 iis
1264 873 1314 900 eo
1344 855 1555 900 libentius
1594 872 1665 904 ac-

277 925 410 978 cedo,
452 942 547 987 'quo
577 927 858 971 verisimilius
890 940 973 981 est,
1006 927 1233 971 Scholium
1264 926 1320 969 ad
1346 925 1475 972 Iliad.
1504 925 1662 983 y..242.

279 1010 369 1056 quo
399 995 562 1052 Thesei
602 996 1005 1058 raptum.Helena¹e
1045 1008 1089 1040 et
1117 995 1355 1058 Aphidnae
1385 994 1613 1039 excidium
1640 1012 1665 1038 a

280 1064 461 1124 cyclicis
495 1067 639 1125 poetis
676 1078 902 1110 narratum
932 1082 1023 1110 esse
1054 1077 1446 1118 commemoratur,
1493 1081 1516 1108 e
1545 1065 1666 1108 The-

280 1132 402 1176 seide
445 1132 611 1195 cyclica
647 1134 853 1178 haustum
893 1150 998 1178 esse.
1026 1133 1029 1135 ’
1062 1136 1211 1190 Quum
1242 1135 1362 1178 enim
1391 1135 1441 1176 in
1471 1134 1666 1178 carmine

281 1201 452 1264 Cyprio
484 1219 535 1247 ea
553 1205 753 1265 exposita
782 1220 988 1248 nouesse
1018 1217 1189 1249 certum
1218 1205 1287 1258 sit,
1319 1202 1667 1248 commodiorem

280 1271 445 1325 locum,
476 1288 566 1332 quo
587 1288 684 1315 eam
701 1273 930 1316 historiam
948 1274 1150 1327 referam,
1180 1288 1273 1316 non
1288 1273 1441 1316 habeo.
1504 1273 1668 1327 Quam·
1723 1283 1728 1288 '

280 1341 436 1386 obrem
480 1342 594 1385 mihi
642 1358 735 1385 non
785 1341 993 1404 displicet
1033 1341 1300 1387 Theseidexn
1338 1342 1391 1384 ab
1432 1339 1667 1386 Aristotele
1704 1370 1706 1372 ψ

281 1409 504 1457 laudatam
532 1420 615 1476 pro
648 1410 823 1473 cyclica*
838 1411 1015 1456 habere.

702 1556 771 1597 111.
824 1551 873 1594 Α
900 1562 933 1606 μ
962 1568 989 1595 α
1021 1552 1043 1604 ζ
1069 1568 1092 1595 ο
1123 1570 1146 1594 ν
1175 1552 1195 1593 ι’
1220 1568 1252 1601 ς.

397 1617 502 1661 Fuit
539 1633 728 1661 culmen
746 1610 877 1662 huius
913 1620 1108 1663 nominis
1138 1618 1265 1663 valde
1295 1619 1529 1679 antiquum
1557 1618 1671 1662 eius-

281 1703 396 1751 que
402 1688 620 1731 Homerus
653 1701 809 1732 auctor
849 1688 1014 1732 dicitur
1051 1693 1106 1743 (v.
1138 1678 1297 1732 Suidas
1327 1704 1359 1731 s.
1381 1705 1430 1731 v.
1451 1688 1669 1745 ⁶·0ss’190‘5)

210 1771 214 1779 ¹
280 1756 447 1799 Parum
476 1755 643 1800 lectum
672 1757 787 1800 illud
817 1773 909 1800 esse
940 1769 984 1800 et
1012 1759 1182 1800 mature
1206 1755 1525 1817 deperditum,
1534 1773 1595 1800 ex
1617 1771 1670 1800 eo

282 1825 468 1884 colligo,
518 1826 640 1886 quod
681 1829 910 1870 neminem
958 1826 1072 1880 vidi,
1096 1863 1099 1867 .
1123 1828 1205 1887 qui
1248 1825 1297 1869 id
1343 1837 1670 1870 commemoret.

284 1894 433 1948 Quare
449 1907 760 1954 argumentum
780 1896 874 1939 eius
898 1894 1011 1956 quid
1029 1894 1177 1949 fuerit,
1206 1895 1389 1940 nonnisi
1406 1894 1671 1939 coniecturis
1717 1914 1722 1917 *

283 1965 459 2024 assequi
488 1963 616 2016 licet:
668 1964 882 2026 Suspicor
897 1965 1032 2025 igitur
1047 1980 1219 2024 pugnas
1234 1966 1458 2009 variorum
1485 1963 1673 2009 heroum

283 2049 386 2077 cum
410 2034 726 2078 Amazonibus
743 2049 795 2079 eo
826 2033 1032 2095 inprimis
1063 2033 1448 2087 esse2celebratas,
1480 2032 1692 2095 ideoque

281 2102 670 2165 Bellerophontis,.
687 2103 908 2158 Herculis,
938 2102 1294 2148 Theseifabulas
1325 2104 1369 2149 et
1388 2103 1569 2149 fortasse
1583 2103 1671 2147 Ar-

282 2185 575 2233 gonautarum
603 2174 847 2235 historiam.
911 2174 1042 2217 Certe
1063 2174 1185 2218 enim
1202 2175 1470 2218 recentiores
1498 2184 1670 2234 poetae,

283 2259 393 2300 quos
425 2244 472 2285 in
505 2244 761 2287 universum
782 2244 1015 2304 antiquum
1036 2243 1154 2287 illud
1182 2247 1363 2288 carmen
1392 2254 1563 2287 secutos
1578 2254 1670 2288 esse

259 2335 264 2337 -
282 2311 517 2355 veiisimilc
537 2323 615 2365 est,
635 2329 684 2355 ea
705 2315 753 2356 in
775 2314 1060 2357 Amazonicis
1073 2314 1161 2356 suis
1178 2323 1487 2373 exposuerunt.
1548 2312 1672 2356 Ona-

283 2385 381 2426 sum
420 2383 464 2426 ἐν
492 2387 551 2426 τῶ
581 2381 610 2427 ἀ
639 2386 723 2427 τῶν
745 2383 1020 2440 Ἀμαζονικῶν
1050 2381 1294 2427 Scholiasta
1325 2380 1577 2443 Apollonii
1588 2380 1671 2425 Rh.

283 2449 593 2510 >ad.1.1209
632 2441 770 2507 1236.)
800 2452 960 2496 laudat
987 2469 1128 2512 coque
1159 2454 1351 2494 carmine
1374 2452 1672 2511 Algonautica

281 2531 459 2580 nauata
504 2537 595 2566 csse
624 2519 847 2567 videntui.
910 2522 1195 2595 Quamquam
1220 2521 1375 2584 fatum
1391 2520 1553 2583 Hylae
1551 2519 1693 2584 'Hel-⁴

1818 1676 1828 1795 amn-az..
1819 1663 1824 1668 =
1821 1633 1828 1655 -.
