1828 2906
914 99 1056 150 54!

255 247 310 289 tis
346 245 405 288 ita
435 235 604 305 scribit:
630 243 684 288 ‘O
712 244 791 301 γὰρ
829 241 1103 299 Κρεώφυλος,
1137 236 1170 284 ὦ
1216 240 1443 299 Σώκρατες,
1477 241 1575 292 ἴσως
1611 240 1635 283 ὃ

249 313 440 373 Ὁμήρου
470 313 663 372 {tureos-'-
683 311 830 357 τοῦτόν
858 327 962 361 τινες
990 311 1057 354 καὶ
1089 309 1337 354 διδάσκαλον
1359 308 1547 369 Ὀμήρου
1568 310 1637 354 λέ-

255 401 374 441 γουσι
403 385 621 441 γεγονέναι,
653 376 723 426 καὶ
751 382 860 426 ἔστιν
889 380 1017 424 αὐτοῦ
1035 383 1205 437 ,ποίημα
1238 381 1436 435 Οἰχαλίας
1457 381 1636 432 ἅλωσις·

258 454 431 510 ἃρχαῖος
463 454 539 507 μὲν
578 448 651 505 οὖν
686 453 793 504 ἐστι,
840 449 1035 506 ’νεώτερος
1074 444 1121 493 δέ
1142 450 1305 498 -ἶκανῶς
1328 446 1525 507 ‘operiebat
1547 449 1637 505 (οἱ

257 522 401 566 Bentl.
443 537 588 580 opusc.
629 537 675 580 p.
706 521 831 575 503.).
894 516 1188 564 Callimachus
1228 519 1278 562 in
1325 518 1639 578 epigramm

259 589 395 653 (apud
417 589 562 634 strab.
583 590 706 637 XIV.
732 606 765 633 1.
799 591 860 634 18.
885 600 928 632 et
947 586 1202 632 Eustath.ad
1216 587 1274 632 Ili
1293 585 1425 642 adgss.
1455 604 1502 649 p.
1523 589 1640 645 330.)

261 658 566 719 Creophylum
594 659 904 717 indignantem
932 657 1057 710 facit,
1088 655 1212 718 quod
1233 653 1401 699 viniuste
1430 655 1640 702 nonnulli

262 729 463 784 Οἰχαλίας
481 727 634 773 ἅλωσιν
658 727 850 771 Homero
880 725 1205 786 adscripserint.
1265 725 1458 771 Homero
1496 739 1659 771 autem·

260 796 505 841 secundum
534 797 840 857 antiquiorum
870 796 1173 839 auctoritatem
1187 794 1353 839 'Suidas
1384 800 1432 850 (s.
1455 794 1667 854 ν.”’ομη-’

258 872 369 924 ρος),
411 866 595 909 Procius
637 872 691 920 (v.
722 866 836 909 Bihl.
868 877 968 910 vett.
1000 864 1083 908 litt.
1115 877 1159 908 et
1187 876 1284 908 artt.
1314 864 1415 907 fasc.
1447 865 1480 907 I.
1518 864 1644 908 Ined.

256 953 303 995 p.
352 941 432 990 ιι.)
445 969 458 988 ,
495 936 685 979 <Tzetzes
721 935 764 990 (l.
807 940 882 994 c.)‚
923 934 1175 978 Eustathius
1218 932 1263 987 (l.
1303 938 1358 988 c.)
1400 932 1525 977 illam
1568 932 1646 980 ad-

261 1005 477 1048 scribunt.
732 1023 737 1034 ¹

639 1066 641 1070 ’
716 1069 785 1109 11.
846 1061 1215 1112 Μινυάς.*
1663 1111 1671 1120 „

380 1134 558 1192 Minyas
577 1133 835 1192 Minyarum
865 1143 908 1175 et
926 1131 1331 1176 Orchomeniorum
1359 1132 1526 1176 fabulas
1556 1133 1646 1178 sive

259 1201 502 1263 mythicam
539 1202 772 1246 historiam
823 1200 1051 1262 complexa
1092 1216 1184 1244 esse
1228 1199 1403 1245 videtur
1431 1197 1578 1263 'eique
1622 1219 1647 1246 a

262 1273 434 1332 Minya,
468 1259 873 1316 Orchomenio'rum
890 1286 992 1331 rege
1010 1272 1158 1331 primo
1178 1276 1232 1325 (v.
1264 1269 1411 1314 Schol.
1441 1270 1498 1313 ad
1518 1270 1647 1315 Pind.

263 1340 338 1385 Ol.
364 1341 484 1385 XIV.
523 1343 603 1395 15.)
634 1357 798 1394 nomen
828 1340 1024 1384 inditum
1054 1346 1130 1382 est.
1161 1337 1322 1383 Procul
1348 1339 1485 1385 dubio
1507 1342 1647 1388 ,etiam

261 1411 617 1470 Argonautarum
645 1409 844 1462 fabulae,
875 1410 954 1470 qui
985 1419 1028 1453 et
1056 1409 1145 1470 ipsi
1176 1409 1358 1469 Minyae
1389 1408 1648 1458 dicebantur

262 1485 317 1534 (v.
350 1479 500 1523 Schol.
531 1478 589 1522 ad
610 1479 787 1522 Pindar.
809 1479 937 1539 Pyth.
957 1479 1034 1523 IV.
1072 1494 1164 1523 120.
1194 1478 1345 1539 Apoll.
1364 1480 1447 1528 Rh,
1467 1481 1500 1523 Ι.
1517 1482 1646 1536 230.)‚

264 1550 314 1591 in
344 1549 430 1593 hoc
461 1549 657 1592 carmine
688 1548 907 1608 expositae
948 1558 1085 1591 erant.
1144 1548 1376 1591 Pausanias
1406 1550 1648 1610 quinquies

262 1618 357 1672 (lV.
386 1620 457 1670 33,
491 1635 530 1677 7.
564 1619 619 1661 Χ.
638 1620 707 1670 28,
745 1635 780 1660 1.
811 1610 853 1673 4.
883 1618 940 1660 Χ.
961 1619 1030 1670 23,
1062 1634 1101 1659 2.
1134 1618 1215 1661 IX.
1233 1620 1271 1662 5.
1294 1618 1353 1673 4.)
1384 1635 1407 1660 e
1438 1618 1652 1680 Minyade

263 1687 384 1732 locos
414 1687 588 1741 laudat,
626 1688 675 1730 in
706 1687 869 1748 quibus
906 1685 1152 1731 inferorum
1180 1686 1354 1733 fabulae
1372 1690 1654 1740 'commemo-¹·

261 1770 430 1801 rantur.
510 1758 662 1829 Primo
714 1755 811 1801 loco
859 1756 1103 1801 Prodicum
1147 1758 1472 1802 Phocaeensem
1520 1759 1652 1807 huius

262 1828 478 1887 poematis
508 1819 734 1872 auctorem
754 1842 855 1870 esse
886 1825 1138 1872 dubitanter
1173 1825 1294 1872 dicit.
1356 1829 1422 1872 Ex
1450 1843 1654 1890 unoquo-

265 1913 353 1957 que
384 1909 531 1944 autem
562 1897 655 1940 eius
686 1896 784 1941 loco
815 1908 1021 1957 appalet,
1051 1899 1200 1940 un'um
1222 1897 1527 1960 tantummodo
1558 1913 1654 1944 car-

264 1981 370 2009 men
386 1965 518 2011 huius
544 1965 793 2026 argumenti
811 1975 855 2009 et
871 1963 1032 2008 indicis
1053 1966 1157 2009 eum
1172 1965 1372 2011 novisse.
1397 1965 1655 2017 Prodicum

264 2034 395 2083 illum
433 2035 522 2080 alio
559 2034 658 2097 loco
691 2050 770 2096 ego
801 2046 1189 2080 commemeratum
1216 2051 1309 2081 non
1339 2036 1511 2094 inveni3
1552 2053 1655 2086 eum

264 2118 411 2151 autem
431 2118 507 2151 aut
535 2118 653 2152 certe
684 2122 877 2160 calmen,
908 2106 1033 2150 cuius
1063 2117 1215 2158 auctor
1241 2106 1479 2163 ferebatur,
1501 2107 1675 2158 adulor

265 2175 374 2222 dum
403 2178 641 2237 antiquum
680 2176 814 2229 fuisse
855 2193 907 2220 ex
934 2178 1032 2237 ipso
1064 2178 1276 2222 Pausania
1314 2176 1421 2222 licet
1445 2168 1653 2241 intelligi.

263 2245 353 2287 vix
393 2246 533 2307 igitur
572 2245 837 2299 dubitarim,
890 2248 1002 2307 quin
1038 2248 1087 2289 in
1125 2245 1250 2307 cyclo
1290 2246 1436 2291 fuerit.
1505 2247 1656 2298 Aliam

264 2315 482 2362 rationem
500 2315 632 2359 huius
653 2316 895 2360 sententiae
917 2333 1051 2377 supra
1070 2316 1276 2360 vidimus.
1336 2318 1391 2360 In
1411 2317 1501 2360 fine
1522 2318 1656 2362 Moh-

264 2382 375 2427 nikii
415 2398 613 2430 erm-olem
653 2384 800 2445 placet
835 2396 1010 2438 notare,
1054 2386 1134 2445 qui
1178 2385 1357 2440 (Histor.
1387 2385 1468 2431 litt.
1502 2386 1603 2430 G.'r
1613 2397 1657 2433 et

263 2453 389 2497 Rom
425 2469 472 2514 p.
510 2459 621 2513 ¹97·)
670 2453 933 2516 Minyadem
970 2468 1014 2500 et
1054 2456 1282 2516 Epigonos
1321 2456 1442 2505 idem
1477 2472 1657 2528 carmen

263 2538 359 2566 (3888
388 2534 554 2570 tembre
587 2524 783 2567 coniiclt
