1828 2906
848 133 914 179 55

233 359 235 361 ·
313 336 575 399 Complures
604 273 734 392 oliffi,
768 271 942 401 «Ξῗιιῖιιιζ
962 272 1112 383 :fg-*⁴²¹
1047 312 1234 384 'Atticae
1260 315 1568 398 tractabantur,

104 422 109 435 ¹
181 379 402 453 'Atthides
431 410 660 462 exstitisse,
689 421 844 455 notum
874 422 939 453 est
966 409 1169 465 (casaub.
1200 409 1256 453 ad
1277 410 1421 454 Strab.
1453 411 1482 453 l.
1513 414 1567 456 V.

189 494 240 538 Ρ.
261 478 359 536 339.
390 489 481 522 not.
495 483 571 533 2.).
632 478 793 531 Unam,
821 479 1001 522 fortasse
1033 480 1398 540 antiquissimam,
1430 480 1571 540 Hege-

190 548 317 590 sinus
348 548 611 609 composuit,
654 564 701 590 e
717 565 805 608 qua
824 548 1081 591 Pausanias
1113 561 1299 609 quatuor
1327 566 1494 592 versus
1513 548 1568 593 de

190 615 329 666 Ascra
359 616 537 661 condita
563 618 746 661 servavit
783 634 985 679 quaeque
1014 618 1252 682 Pausaniae
1294 619 1568 679 temporibus

190 686 280 729 iam
318 685 681 747 deperdita.erat
723 691 777 739 (v.
810 688 887 729 IX.
920 702 988 746 29.
1026 692 1089 741 1.).
1150 686 1251 730 Alio
1293 700 1439 730 tamen
1468 688 1567 746 loco

188 754 260 807 (Χ.
298 757 361 807 15,
394 756 451 809 3.)
480 754 600 797 idem
618 755 851 799 Pausanias
870 748 1169 800 Clitodemum
1200 758 1296 816 (qui
1322 768 1440 809 certe
1467 769 1568 817 post

183 821 265 866 Ol.
294 838 364 883 90.
395 822 530 880 vixit)¹
548 825 766 878 omnium,
812 826 890 886 qui
919 825 972 868 ’τὰ
1002 830 1084 874 τῶν
1106 824 1343 882 Ἀθηναίων
1371 825 1567 883 ἐπιχώρια

185 894 457 954 scripserint,
485 895 838 961 antiquissimum
853 912 944 937 esse
962 894 1089 937 dicit:
1122 894 1247 954 quod
1262 897 1565 938 testimonium

184 964 291 1015 nisi,
330 976 381 1007 ut
426 957 539 1005 mihi
577 962 771 1016 videtur,
811 959 867 1006 ad
896 964 1156 1021 ‹511nyanoe
1184 980 1266 1023 per
1269 965 1397 1016 tinet,
1439 964 1565 1007 nulla

185 1033 366 1084 omnino
396 1031 542 1076 Atthis
573 1031 738 1093 cyclica
779 1049 869 1076 esse
898 1033 1054 1094 potuit.
1115 1033 1172 1076 Et
1201 1050 1305 1076 sane
1333 1032 1565 1077 fatendum

102 1093 110 1101 ‘
180 1114 247 1146 cst
286 1102 383 1146 aliis
420 1103 712 1157 carminibus,
755 1110 867 1163 quae
910 1102 1073 1162 cyclica
1112 1115 1258 1156 er,ant
1296 1120 1386 1146 res
1389 1104 1561 1146 Atticas

182 1167 274 1215 esse
313 1173 414 1215 satis
451 1184 745 1232 pertractatas.
806 1171 896 1215 Sed
934 1173 1147 1232 quoniam
1184 1173 1270 1215 viri
1301 1172 1420 1215 docti
1450 1188 1562 1216 non-

179 1240 297 1285 nulli
325 1239 509 1286 Atthida
545 1241 741 1303 aliquam
781 1239 992 1302 cyclicam
1028 1240 1159 1285 fuisse
1199 1252 1417 1312 statuunt,
1463 1257 1560 1298 eam

178 1308 304 1355 nolui
332 1312 587 1375 praeterire.

642 1455 711 1497 13.
774 1450 815 1493 Θ
842 1468 868 1507 η
899 1465 926 1494 σ
953 1468 979 1507 η
1006 1453 1031 1493 ”l
1054 1467 1089 1501 ς·

289 1519 556 1562 Theseidem
603 1519 772 1562 Atticae
819 1520 1022 1563 histmias
1065 1521 1232 1580 priscas
1281 1518 1557 1579 complexam

174 1575 266 1633 esse
297 1597 466 1633 constat
494 1592 548 1644 (v.
572 1587 751 1632 Aristot.
770 1588 889 1633 Poet.
912 1605 948 1632 c.
969 1591 1039 1644 8..)
1100 1588 1249 1637 Unam
1278 1602 1392 1650 quae
1422 1588 1556 1653 longe

173 1656 478 1718 antiquissima
506 1657 700 1711 videtur,
736 1658 993 1702 Aristoteles
1023 1658 1067 1712 (1.-
1099 1664 1153 1713 c.)
1182 1658 1344 1701 laudat.
1403 1658 1554 1702 Aliam
1586 1659 1590 1662 ’

171 1728 438 1772 Nicostratus
468 1726 574 1782 (vel·
582 1727 899 1788 Pythostratus)
930 1727 1197 1795 composuit,
1236 1727 1371 1770 frater
1401 1727 1554 1772 Xeno-

170 1798 351 1859 phontis
382 1797 628 1849 cuiusdam,
671 1798 750 1858 qui
779 1796 1116 1861 Epaminondae
1146 1808 1189 1840 et
1216 1796 1456 1856 Pelopidae
1485 1798 1552 1841 vi-

171 1880 233 1912 tas
264 1867 442 1928 scripsit
469 1870 529 1922 (v.-
556 1866 744 1926 Diogen.
775 1867 920 1909 Laert.
951 1867 1009 1909 II.
1044 1869 1110 1926 59.
1155 1866 1300 1926 Heyn.
1332 1866 1462 1910 Obss.
1495 1866 1552 1913 ad

168 1935 376 1997 Apollod.
406 1953 451 1997 p.
472 1935 598 1992 3480.
657 1937 853 1999 'IJertiam
882 1935 1077 1996 denique
1099 1935 1370 1979 Theseidem
1385 1936 1552 1997 Diphi-

168 2007 238 2051 lus
258 2006 377 2061 fecit,
410 2021 522 2067 quae
539 2006 577 2049 si
600 2003 853 2050 Scholiastis
869 2004 1058 2049 *Pindari*
1083 2003 1263 2050 credere
1291 2000 1409 2059 licet,
1440 2007 1550 2051 iam-³

166 2078 237 2120 his
261 2088 360 2120 ferat
388 2076 637 2139 conscripta
665 2080 720 2132 (v.
752 2075 809 2120 ad
838 2075 915 2120 Ol.
937 2076 994 2119 X.
1018 2076 1116 2132 83.).
1174 2076 1234 2124 'In
1261 2075 1396 2119 altero
1428 2077 1548 2118 enim

170 2147 351 2193 Sch'olio
381 2147 490 2191 haec
520 2146 726 2208 legimus:
771 2148 1066 2205 Παρατίθεται
1104 2145 1142 2201 (ὃ
1171 2148 1377 2202 Δίδυμος)
1405 2147 1451 2189 δὲ
1478 2147 1546 2189 και

165 2218 240 2260 τὸν
281 2216 495 2275 γράφοντα
534 2216 611 2272 τὴν
661 2219 853 2273 Θησηΐδα
901 2221 1193 2275 μαρτυροῦντα
1229 2221 1289 2259 τῶ
1323 2215 1434 2273 ἥρωϊ
1468 2215 1546 2271 τὴν

165 2289 239 2329 ‘tofi
269 2285 470 2346 ἅρματος
478 2283 761 2343 ἧνιοχευτικὴν
790 2284 963 2343 ἀρετήν
1569 2290 1571 2293 ’

140 2408 143 2413 ¹
223 2371 229 2377 ·
277 2359 282 2385 ³
339 2358 516 2414 Τρέψας
545 2357 592 2399 δὲ
619 2354 781 2405 πώλους
811 2353 869 2406 ὥς
896 2354 920 2398 ὃ
950 2355 1188 2405 Μαντινεὺς
1216 2354 1370 2409 Σῆμος..

165 2425 288 2487 Ergo·
311 2440 462 2469 versus
489 2425 566 2469 hic
590 2424 850 2468 iambicus·
835 2440 886 2469 ιιι
901 2423 1121 2467 Theseide
1151 2422 1339 2485 quadam
1368 2421 1545 2485 legeba-

168 2508 250 2540 tur.v
300 2495 364 2537 ·Ιιι
379 2494 518 2540 altero
536 2508 682 2540 autem
697 2494 881 2540 Scholio
909 2495 996 2539 hoc
1024 2496 1257 2555 sequitui-:v
1276 2519 1337 2527 —-
1367 2493 1425 2544 ὥς
1442 2508 1543 2551 φησι

165 2568 343 2627 Δίφιλος
369 2561 393 2610 ὃ
424 2564 500 2623 τὴν
529 2567 724 2626 Θησηΐδα
750 2563 927 2623 ποιήσας
956 2564 998 2609 ἕν
1014 2581 1091 2609 τινι
1105 2562 1242 2624 ἰάμβῳ
1273 2562 1401 2607 οὕτω·
1434 2561 1543 2619 Τρέ-
