1828 2906
545 735 745 791 Pars
812 740 1307 812 posterior.

616 929 671 964 De
690 932 861 978 'poematis
887 938 919 964 ct
941 931 1053 978 pxoetis
1077 930 1231 979 cyclicis.
1275 963 1279 968 ,

165 1079 170 1088 ’
230 1049 331 1108 Iam
373 1065 429 1108 ad
468 1066 650 1110 alteram
689 1078 862 1128 partem
901 1066 1240 1120 dissertationis,
1289 1081 1378 1126 qua
1416 1073 1627 1127 poemata>

231 1134 348 1195 cycli
386 1147 430 1177 et
473 1148 671 1179 auctores
721 1150 876 1181 eorum
913 1136 1201 1196 indagentur,
1239 1133 1627 1196 progrediendum·

230 1210 323 1246 esse
360 1203 556 1247 videtur:
604 1218 714 1265 quae
756 1205 937 1266 quidem
975 1207 1171 1266 quaestio
1211 1221 1319 1248 sane
1357 1203 1627 1247 difficillima

228 1285 305 1316 est.
368 1274 421 1316 In
452 1290 502 1316 ea
532 1275 651 1317 enim
681 1267 871 1318 maxime¹
900 1288 1098 1319 veterum
1131 1272 1627 1318 testimoniorum-sub·-

227 1342 338 1386 sidia
367 1345 683 1404 requiruntur,
724 1344 887 1407 quibus
919 1334 1160 1406 deperditis
1190 1342 1304 1387 ultra
1332 1341 1618 1404 probabilita-

228 1424 320 1454 tem
369 1413 595 1472 quandam
641 1431 774 1475 saepe
818 1415 933 1458 nihil
975 1414 1163 1475 reperiri
1210 1425 1367 1473 potest.
1436 1413 1646 1456 Etenim.
1706 1414 1709 1420 “

229 1498 370 1541 quum
408 1483 458 1524 in
493 1484 648 1542 paucis
686 1484 776 1527 illis
807 1485 1099 1534 carminibus,
1143 1499 1253 1543 quae
1282 1494 1448 1525 veteres
1478 1480 1617 1541 aliqui

192 1543 196 1548 ¹
229 1552 465 1610 scriptores
514 1552 785 1611 cyclicoru't'n
830 1565 1017 1596 numero
1065 1553 1280 1612 e'xpressis
1320 1551 1463 1596 verbis
1502 1550 1617 1615 forte

227 1621 438 1672 inserant,
468 1635 562 1663 non
591 1621 724 1664 liceat
740 1624 1020 1682 acquiescere
1050 1620 1151 1677 (fuit
1179 1622 1300 1664 enim
1315 1635 1521 1663 numerus
1542 1634 1617 1664 eo-

225 1692 329 1731 rum
358 1688 491 1749 longe
520 1692 700 1745 maior);
732 1691 864 1734 etiam
894 1691 1194 1734 evanescentia
1227 1690 1360 1733 huius
1390 1690 1456 1732 rei
1485 1689 1616 1733 vesti-

225 1758 317 1816 gia,
360 1757 603 1803 dummodo
640 1758 734 1802 ulla
763 1761 813 1803 in
842 1772 1010 1805 remota
1048 1759 1320 1821 antiquitatis
1350 1759 1615 1803 obscuritate

225 1827 551 1883 discernantur,
592 1828 827 1888 diligenter
866 1829 1187 1874 consideranda
1222 1840 1337 1874 sunt.
1398 1829 1480 1873 His
1508 1843 1612 1872 vero

224 1889 524 1939 examinandis
555 1888 877 1941 ut'certissima
904 1900 1057 1941 veritas
1087 1899 1254 1959 ubique
1275 1896 1505 1949 enudetur,
1534 1911 1612 1938 ne-

224 1982 298 2009 mo
337 1967 453 2009 iusto
492 1966 757 2026 postulabit:
799 1985 1070 2028 quamquam
1100 1985 1150 2011 ea
1178 1984 1258 2011 nos
1288 1968 1513 2027 sp'eramus
1543 1967 1613 2009 in-

221 2046 430 2078 venturos
462 2051 567 2088 esse,
600 2051 713 2097 quae
744 2035 801 2079 ad
830 2035 951 2080 illam
979 2038 1182 2100 proxime
1212 2035 1436 2080 accedant.

336 2174 664 2235 Theogoniam,
709 2176 1088 2221 Titanomachiam
1127 2187 1171 2221 et
1201 2173 1610 2237 Gigantomachiam

219 2243 267 2285 in
297 2242 421 2302 cyclo
461 2243 595 2287 fuisse
634 2261 686 2288 ex
715 2245 909 2290 Eusebio
955 2246 1138 2291 discitur
1172 2247 1394 2306 (Praepar.
1426 2244 1606 2303 Evang.

220 2311 253 2354 I.
291 2317 432 2373 10.'p.
465 2314 573 2372 39.):
607 2325 737 2373 atque
769 2315 1156 2359 Titanomachiam
1195 2315 1328 2358 etiam
1356 2312 1606 2357 Athenaeus

218 2382 266 2436 in
291 2384 576 2426 -carminibus
619 2383 800 2443 cyclicis
842 2398 1058 2446 numerat!
1081 2384 1128 2439 (l.
1167 2384 1268 2428 VII.
1310 2384 1350 2427 3.
1389 2401 1435 2444 Ρ.
1477 2385 1604 2440 277.).

218 2450 404 2495 Homeri
444 2453 642 2497 carmina
677 2453 726 2495 in
757 2453 884 2514 cyclo
921 2455 1064 2514 posita
1101 2453 1237 2496 fuisse
1278 2468 1329 2495 ex
1367 2450 1607 2496 Aristotele

218 2522 319 2564 satis
361 2532 482 2580 patet
515 2521 729 2582 (Sophist.
756 2522 953 2584 „Elencln
986 2525 1030 2578 Ι,
1071 2539 1113 2582 9.
1145 2522 1199 2565 cf.
1230 2539 1363 2583 supra
1399 2522 1491 2575 II.):
1531 2520 1605 2564 cui
