1828 2906
881 110 1012 161 20'

222 253 451 316 perditum
491 253 702 316 suspicari
740 253 838 300 iure
855 302 861 308 ,
876 252 1092 313 possimus
1112 249 1203 307 -(cf.
1233 250 1350 296 Part.
1386 260 1499 315 post.
1527 251 1602 306 6,);

223 325 373 379 Quare
410 325 448 367 si
477 323 660 368 Proclus
671 357 686 377 ,
723 335 773 367 ut
807 339 832 366 e
867 322 1025 381 Photio
1063 320 1214 381 colligi
1250 336 1379 381 posse
1413 320 1603 376 videtur,

221 392 398 456 cyclum
433 391 578 437 adhuc
614 391 866 455 perfectum
899 391 1075 445 habuit,
1111 406 1259 435 unum·
1292 401 1410 434 certe
1438 406 1605 440 novum

222 480 425 507 carmen
433 464 483 506 in
511 479 616 510 eum
644 474 876 523 receptum
894 458 991 505 esse
1006 461 1149 505 debet„
1209 459 1300 504 Sed
1323 476 1486 521 neque
1492 466 1604 512 Pau-

220 535 367 577 saniae
398 543 536 576 aetate
565 531 764 575 Eumeli
776 530 1061 575 C01inthiaca
1089 523 1363 592 deperdita
1349 545 1440 573 iam
1467 529 1602 575 fuisse

217 618 366 662 neque
404 585 614 651 Proclum
654 600 831 662 cyclum
867 599 994 644 nullo
1023 616 1212 661 prorsus
1244 600 1458 644 carmine
1467 599 1602 642 muti·-

215 671 314 714 lum
344 669 489 714 adhuc
520 670 737 722 habuisse,
768 685 861 713 non
891 670 951 712 ita
979 681 1151 713 certum
1180 682 1269 723 est,
1299 680 1349 712 ut
1377 666 1460 713 tale
1490 666 1602 729 quid

215 739 324 784 inde
362 739 494 784 liceat
522 739 835 798 argumentari.
895 734 1014 798 Ergo
1044 754 1125 784 nos
1164 738 1349 799 quidem
1386 737 1602 784 affirmare

214 820 420 869 oportet,
450 806 607 851 eadem
644 823 818 895 semper
858 809 1052 852 carmina
1082 807 1259 868 cyclum
1288 808 1465 866 epicum
1493 822 1600 851 con-

212 878 417 922 stituisse.

256 962 359 997 Not.
407 961 499 994 Sunt
522 962 584 1006 qui
607 965 736 1005 putent
759 961 948 1006 complura
973 960 1079 995 simul
1111 960 1272 995 eiusdem
1296 959 1495 1005 argumenti
1519 969 1598 1010 car·-

349 1019 449 1054 mina
471 1019 510 1053 in
533 1019 639 1063 cyclo
662 1018 770 1055 fuisse
795 1020 983 1053 collocata.
1033 1019 1113 1063 Qua
1137 1018 1182 1053 de
1209 1018 1392 1064 opinione,
1415 1016 1599 1064 hucusque

348 1082 562 1122 argumento
579 1075 791 1111 confirmata
805 1077 920 1119 nullo,
945 1076 1032 1122 quid
1055 1075 1160 1110 nobis
1177 1076 1338 1110 videatur
1353 1074 1597 1120 iudicandum,

352 1134 610 1182 opportuniori
634 1135 719 1169 loco
743 1133 902 1170 dicemus
927 1133 974 1179 (v.
999 1135 1095 1191 Part.
1120 1139 1213 1180 post.
1239 1131 1323 1178 24.)-

909 1269 924 1288 ἢ

917 1299 930 1316 0

823 1367 825 1369 ’
862 1393 945 1440 xl.

324 1501 427 1547 Non
455 1500 651 1546 alienum
691 1501 829 1548 duco
843 1504 897 1546 ab
925 1503 1010 1547 hoc
1049 1502 1146 1547 loco
1177 1501 1347 1546 duabus
1378 1500 1433 1546 de
1461 1502 1593 1557 rebus

207 1586 322 1632 quae
360 1572 418 1615 εἴη
446 1587 544 1621 mea
580 1574 821 1627 sententia,
861 1573 1054 1617 breviter
1081 1574 1394 1633 pronuntiare,
1440 1588 1593 1632 quam-

205 1658 342 1705 quam
371 1657 447 1684 eae
476 1653 663 1701 propter
693 1641 997 1686 difficultatem
1026 1659 1149 1685 suam
1179 1654 1223 1684 et
1249 1653 1435 1701 propter
1461 1641 1594 1702 spatii.

203 1712 423 1769 angustias
461 1709 737 1771 indagationi
783 1713 1043 1757 acculatiori
1083 1712 1135 1756 in
1170 1709 1383 1772 aliudque
1417 1722 1592 1772 tempus

202 1780 491 1824 reservandae
531 1792 645 1841 sunt.
714 1782 918 1824 Primum
962 1783 1099 1841 igitur
1147 1782 1396 1842 quaeritur,
1446 1781 1593 1824 sintne

204 1860 348 1893 cetera
377 1847 493 1909 cycli
523 1851 720 1893 carmina
746 1849 913 1903 omnia,
943 1851 1056 1893 sicut
1074 1849 1322 1903 Homerica,
1353 1850 1593 1893 Pisistrati—

202 1916 362 1961 darum
400 1917 583 1962 demum
626 1930 764 1963 aetate
805 1928 1002 1965 connexa
1039 1918 1285 1979 litterisque
1324 1914 1594 1984 consignata.

200 1986 252 2031 Si
291 1988 392 2049 quis
424 1987 482 2036 de
511 1988 798 2033 carminibus
822 1987 938 2051 cycli
974 1988 1180 2033 omnibus
1214 1987 1300 2032 hoc
1329 1987 1437 2032 velit
1476 1987 1591 2045 affir-

197 2052 346 2112 mas-e,
393 2058 486 2101 eius
525 2059 790 2104 sententiam
827 2059 998 2104 ratione
1028 2070 1072 2102 et
1101 2058 1357 2107 auctoritate
1387 2057 1488 2103 dico
1519 2073 1591 2102 ca-

196 2143 310 2172 rere.
372 2127 604 2171 Nonnulla
645 2130 767 2173 enim
804 2127 988 2174 illorum
1025 2133 1084 2184 eo*
1108 2140 1307 2190 tempore
1336 2139 1440 2172 sunt
1469 2142 1589 2175 com-

196 2199 363 2258 posita,
402 2213 491 2258 quo
525 2196 684 2243 Graeci
725 2198 953 2243 scribendi
988 2211 1127 2247 artem
1168 2199 1301 2243 etiam
1340 2199 1390 2241 in
1419 2195 1589 2259 vulgari

128 2312 133 2321 .
197 2282 280 2309 usu
309 2266 555 2309 habebant:
596 2284 709 2327 quae
747 2283 826 2311 cm·
862 2285 955 2313 non
991 2269 1242 2328 conscripta
1279 2267 1367 2310 sint
1390 2266 1449 2324 ‘ab
1479 2268 1592 2328 ipsisv

196 2336 466 2390 auctoribus,
516 2352 694 2380 causam
735 2354 815 2398 ego
854 2338 1052 2398 profecto
1090 2336 1187 2381 non'
1226 2334 1368 2380 video.
1436 2336 1587 2396 Atque

194 2405 293 2466 ipse
322 2402 516 2451 Wolfius
545 2420 641 2450 non
670 2408 852 2450 omnino
882 2404 1406 2460 infitiatur‚.Eumelum‚'
1439 2404 1586 2449 Arcti-

193 2491 307 2519 num
336 2475 533 2537 aliosque
564 2475 765 2520 eiusdem
795 2477 1124 2533 aetatis‘litteris
1155 2492 1252 2521 usos
1277 2493 1368 2521 esse
1396 2472 1582 2537 (Proleg.

191 2561 238 2605 P·
272 2549 355 2604 70)-
