1828 2906
828 119 832 123 ,
894 61 987 150 62,Ι

231 228 359 281 xerit,
389 227 664 272 Antimacho
683 225 901 272 attribuet.
963 227 1111 282 Quare
1141 240 1222 270 cur
1247 226 1378 273 illum
1405 239 1442 272 e
1441 228 1619 291 cychca

188 315 194 319 ·
229 289 466 341 Thebaide
503 289 754 343 desumtum
792 312 888 341 esse
914 298 1028 341 cum
1056 297 1162 342 viris
1201 294 1474 345 doctissimis
1495 297 1554 356 (V
1554 299 1621 345 ala

232 368 361 411 cken.
406 366 437 410 l.
479 383 516 411 c.
553 384 599 427 Ρ
629 368 730 426 659.
769 367 907 413 Wolf.
935 365 983 409 l.
1022 382 1058 409 c.
1108 378 1153 410 et
1195 365 1269 421 al.)
1312 381 1406 411 non
1459 381 1619 413 statua-

228 448 353 490 mus,
396 450 523 480 causa
552 434 679 479 nulla
704 446 789 488 est,
827 435 915 480 nisi
957 451 1007 478 ea
1042 435 1100 478 in·
1119 437 1451 497 comparatione
1476 440 1625 488 nostri·

228 505 320 570 loci
350 520 453 549 cum
483 502 727 548 Scholiasta
744 499 928 549 Homeri
957 503 1030 559 (ad
1059 504 1113 548 ΙΙ.
1143 517 1193 560 ψ.
1218 504 1333 561 346.)
1354 503 1477 550 latet.'
1519 507 1619 553 Hoc

222 574 352 619 enim
379 571 611 618 Scholium
639 583 778 619 totam
806 573 984 618 Arionis
1013 559 1244 619 historiam
1272 573 1421 648 plane.
1436 592 1461 619 e
1476 576 1618 620 Thel-

225 646 460 706 pusiorum
489 644 706 688 sententia
734 654 881 687 narrat
910 657 1100 705 eamque
1122 644 1254 714 παρὰ
1295 652 1382 696 τοῖς
1395 646 1661 707 mamare!

224 714 313 775 legi
350 713 498 759 tradit.
560 712 694 769 Quod
732 713 841 774 quin
883 729 907 756 e
938 712 1168 758 Thebaide
1205 699 1372 775 cyclica
1410 715 1617 761 haustum

225 786 308 839 sit,
334 782 520 827 nullum
562 781 752 844 dubium
782 794 847 829 est
875 795 1062 844 propter
1090 783 1224 827 vei-ba
1254 784 1365 827 eius
1376 786 1613 846 postrema,

226 870 339 915 quae
370 852 427 896 ad
462 851 724 906 Adrastum,
768 854 847 913 qui
888 852 1006 896 solus
1046 869 1070 895 e
1105 850 1226 896 bello
1257 850 1470 914 eripitur,
1515 857 1617 915 spe-

140 970 149 982 ,
224 915 358 967 etant.
420 920 552 976 Quid'
580 923 718 983 igitur
747 933 824 974 est,
856 921 979 981 quod
1009 920 1266 982 Thelpusii,
1298 937 1408 983 quos
1440 939 1467 986 e·
1493 923 1617 967 The:-

221 991 356 1036 baide
383 1007 560 1036 versum
588 990 703 1033 nihil
730 990 997 1052 probantem
1013 991 1249 1034 Pausanias
1266 992 1467 1053 proferre
1494 1004 1615 1037 recte

223 1060 438 1114 dieit„ad
467 1059 843 1122 comprobandam
872 1076 1008 1111 suam¹
1026 1058 1082 1102 de
1100 1060 1279 1104 ’Arione
1307 1060 1615 1107 fabulamnon

222 1129 403 1176 eosdem
441 1146 611 1183 versus,
652 1145 675 1172 e
715 1130 878 1191 quibus
914 1128 1158 1174 Scholiasta
1186 1128 1371 1175 Homeri
1398 1148 1476 1175 sua
1504 1132 1616 1176 hau,-

219 1202 291 1254 sit,
321 1198 618 1261 protulerint?
648 1199 775 1242 Hanc
792 1198 1099 1243 difficultatem
1121 1216 1378 1245 evanescere
1399 1203 1464 1245 sic
1486 1201 1612 1264 puto,

220 1279 271 1314 ut
290 1270 526 1314 Pausanias
555 1280 631 1313 aut
661 1269 859 1331 primum
885 1281 1056 1314 tantum
1085 1274 1150 1325 (ut
1178 1270 1277 1313 fieri
1309 1269 1435 1327 solet)
1467 1272 1613 1315 omni-

219 1357 297 1385 um
325 1355 556 1392 versuum,
599 1340 677 1401 qui
707 1337 902 1383 fabulam
931 1338 1052 1383 illam
1095 1339 1407 1394 continebant,
1452 1341 1613 1385 recita-

219 1423 317 1455 tum
346 1409 561 1464 audierit,
601 1419 677 1452 aut
696 1410 761 1454 ,ab
791 1409 955 1470 ignaris
995 1409 1062 1452 rei
1094 1408 1274 1454 edoctus
1304 1409 1468 1453 fuerit.
1486 1410 1614 1454 Pri-

217 1496 346 1524 mum
392 1493 582 1523 versum
606 1478 855 1522 Thebaidis
900 1477 1093 1537 cyclicae
1138 1479 1187 1520 in
1230 1478 1317 1521 Cer
1307 1480 1488 1522 ·tamine
1520 1479 1613 1522 He-

218 1544 334 1611 siodi
363 1560 407 1591 et
423 1547 608 1595 Homeri
637 1550 693 1601 (v.
715 1546 845 1590 Hom.
873 1545 1001 1588 Iliad.
1034 1545 1103 1588 ed.
1127 1544 1304 1597 Barnes.
1332 1562 1379 1607 p.
1402 1546 1612 1603 XXV-H.)

215 1602 415 1691 legimus.
469 1614 525 1660 ‘O
553 1617 600 1660 δὲ
620 1616 814 1673 Όμηρος.
840 1614 1059 1669 ἀποτυχὼν
1095 1616 1171 1672 τῆς
1200 1616 1320 1673 νίκης
1338 1617 1613 1676 nepe-5926·-

213 1704 368 1744 μενος
402 1686 510 1743 ἔλεγε
546 1683 601 1730 τὰ
630 1683 857 1741 ποιήματα·
893 1688 1061 1742 πρῶτον
1087 1685 1165 1741 μεν
1200 1684 1283 1742 τὴν
1311 1685 1549 1743 Θηβαΐδα’
1534 1687 1612 1745 ἔπη

214 1752 332 1813 ἑπτά,
363 1751 416 1825 ἧς
440 1752 512 1813 ἧ’
490 1754 610 1813 αρχῆ.
1285 1790 1288 1793 -

377 1826 531 1884 Ἄργος
560 1825 682 1879 ἄειδε,
713 1824 811 1877 θεά,
844 1826 1107 1881 πολυδίψιον,
1140 1823 1261 1868 ἔνθεν
1293 1824 1465 1877 ἄνακτες
1492 1844 1571 1863 ³—-
1604 1847 1606 1851 ⁴

214 1896 546 1955 Περιερχὸμενος
590 1907 741 1956 aperte
788 1895 1233 1954 interpretamentum
1278 1893 1417 1943 verbi<
1445 1895 1610 1952 mam}

216 1974 282 2010 esst
300 1968 371 2023 ¹(v.
403 1966 595 2026 supra->5
646 1964 713 2006 Ex
740 1963 827 2006 hoc
856 1961 954 2006 loco
986 1960 1216 2028 discimus,
1248 1962 1463 2024 cyclicam
1490 1964 1611 2008 The-

212 2034 394 2080 baidem
432 2045 604 2095 septem
639 2031 766 2076 libris
805 2033 1050 2077 constitisse
1090 2044 1142 2076 et·
1172 2048 1267 2077 non
1306 2032 1436 2077 male·
1457 2034 1611 2093 μικρὰν

216 2105 307 2149 dici
335 2101 553 2167 potuisse,
592 2113 643 2166 u·t
670 2102 924 2146 Brunckius
958 2103 1010 2146 in
1040 2101 1190 2147 Schol.
1222 2101 1433 2164 Sophocl.
1465 2102 1517 2162 (l.
1536 2105 1609 2163 c.)

212 2192 297 2238 pro
338 2174 503 2231 κυκλική
546 2173 692 2217 habet.
762 2173 912 2233 Atque
956 2172 1201 2217 Heerenius
1238 2174 1308 2231 (in
1344 2172 1461 2221 Bibl.
1505 2183 1608 2219 vett.

213 2246 384 2301 litt-“et
420 2249 519 2288 artt.
559 2243 663 2287 fasc.
694 2242 772 2288 IV.
810 2260 858 2305 p.
895 2240 1001 2305 So.)
1028 2259 1122 2288 non
1160 2243 1313 2306 inepte
1353 2236 1610 2300 coniecerit,
1670 2251 1678 2255 ’

214 2314 440 2378 cyclicam‘
467 2329 560 2360 esse
601 2311 904 2367 Thebaidem,
936 2330 1048 2373 quae
1077 2314 1128 2357 in
1156 2313 1403 2376 fingmento
1431 2314 1609 2358 tabulae

213 2378 486 2430 marmoreae
516 2382 724 2428 laudatur
754 2397 958 2445 quaeq-ue
986 2399 1136 2427 versus
1173 2382 1285 2428 5600
1317 2384 1610 2446 comprehen-

215 2451 337 2500 disse
370 2452 545 2499 dicitur.
616 2454 684 2499 Ex
720 2454 774 2497 iis
805 2465 975 2507 autem,
1020 2468 1131 2515 quae
1162 2451 1282 2497 dicta
1310 2451 1435 2525 sunt,
1474 2455 1608 2500 totius

214 2520 435 2571 carminis
455 2523 698 2586 descriptio
727 2523 859 2567 fuisse
888 2523 998 2569 haec
1027 2523 1121 2567 fere
1150 2522 1343 2568 videtur.
1371 2513 1606 2578 Primum,
