1828 2906
778 149 899 230 ι17

174 311 443 376 Homerida's
483 330 646 373 autem,
690 316 968 382 quamquam
1007 319 1223 383 permulti
1261 317 1328 363 illi
1365 320 1558 377 suerunt,

182 387 323 435 multa
340 385 536 432 eiusdem
556 391 832 470 argumenti
828 402 873 435 et
891 388 1009 434 tituli
1038 389 1234 433 carmina
1252 391 1559 449 composuisse,

135 475 140 480 ·
181 457 355 502 nemi-ni
394 468 583 501 constat·
613 468 663 502 ut
690 446 915 521 plerisque
953 459 1003 503 in
1041 457 1152 503 locis
1184 457 1476 506 Grammatici
1504 475 1561 503 ne

179 527 407 588 potuerint
447 524 633 587 quidem
679 526 812 572 illum
856 523 1080 573 delectum
1121 528 1365 572 instituere
1441 528 1563 577 Tum

178 595 346 658 Heynii
374 596 611 652 sententia,
652 597 741 642 nisi
769 596 992 643 historicis
1022 598 1318 659 argumentis,
1356 612 1563 660 compr&

174 665 274 711 bari
302 682 395 711 non
416 672 576 727 potest)
622 667 770 721 Quare
790 684 929 728 quum
959 678 1110 729 aperta
1137 678 1335 719 veterum
1363 669 1562 712 testimo-

173 737 253 779 nia
289 735 390 779 hac·
411 735 467 779 (10
502 751 552 779 re
588 747 758 780 exstent
793 735 944 799 nulla3
993 734 1204 798 equidem
1242 752 1347 780 sane
1386 736 1561 782 nullam

175 804 270 848 eius
280 805 507 849 rationem
533 803 677 858 video,
707 806 794 849 nisi
813 823 902 855 uno
927 791 1172 866 eodemque
1194 815 1395 866 tempore
1418 822 1561 852 unum

178 872 461 935 eundemque
498 886 675 935 poetam
709 876 798 919 sive
830 891 990 937 poema
1026 874 1206 936 cyclicis
1236 873 1314 919 alii
1343 890 1563 934 annume-

175 955 297 998 rant,
321 942 395 987 alii
425 945 637 988 eximunt.
697 945 840 1005 Atqui
867 956 1024 1006 poetae
1054 943 1184 997 1111111,
1215 946 1300 988 nisi
1329 944 1453 989 forto
1464 931 1559 990 Ho-

175 1027 314 1066 mero,
345 1011 428 1056 tale
459 1012 573 1074 quid
601 1029 800 1077 unquam
820 1012 1000 1058 accidit:
1033 1013 1088 1056 (10
1114 1029 1164 1057 eo
1195 1013 1316 1064 cuim
1345 1007 1557 1068 auctores,

174 1083 287 1144 quos
316 1082 392 1126 hic
423 1081 606 1144 quidem
637 1083 705 1142 (ut
724 1081 969 1138 adversaiio
999 1075 1169 1144 aliquid
1190 1082 1446 1144 largiamur)
1475 1100 1558 1144 po-

175 1167 284 1196 nere
318 1150 463 1212 placet
499 1152 582 1195 sibi
623 1152 851 1213 aequales,
897 1165 1014 1197 certe
1053 1152 1260 1196 videntur
1290 1151 1555 1213 discr-epam.

115 1273 120 1281 Ι
174 1220 465 1281 Etymologus
485 1221 677 1281 Magnus
704 1222 756 1280 (s.
776 1239 814 1266 v.
836 1221 1035 1281 Νεκάδες)
1064 1221 1173 1265 haec
1202 1220 1392 1283 profert:
1422 1221 1555 1281 Παρὰ

173 1291 250 1348 μέν
274 1297 363 1342 τοῖς
386 1295 586 1343 κυκλικοῒς
606 1291 651 1336 αἶ
679 1293 811 1351 ψυχαὶ
836 1290 998 1343 νεκάὸες
1023 1292 1223 1349 λέγονται·
1240 1303 1370 1352 atque
1387 1303 1484 1336 tum
1505 1303 1557 1336 ut

176 1358 280 1405 eum
307 1360 605 1422 significatum
635 1360 835 1423 exemplo
866 1361 1120 1415 confi1met,
1158 1378 1331 1406 versum
1367 1345 1554 1406 Homeri

174 1428 320 1490 (Iliad.
351 1446 383 1475 ε.
421 1430 539 1490 886.)
570 1430 765 1475 subiicit:
1352 1440 1359 1446 ‘

1070 1495 1110 1557 ἦ
1136 1502 1184 1545 τέ
1209 1518 1251 1544 κε
1282 1500 1411 1558 δηρὸν

357 1568 485 1613 αὐτοῦ
508 1568 660 1626 πφῖμοιτΊ
691 1570 870 1627 ἔπασχον
893 1572 936 1615 ἓν
962 1571 1122 1630 αἰνῇσιν
1152 1569 1397 1620 νεκάδεσσιν.

174 1709 292 1770 Ergo
342 1709 421 1753 ille
463 1710 708 1755 Homerum
764 1713 814 1755 in
861 1710 1128 1772 cyclicorum
1172 1726 1359 1754 numero
1404 1701 1551 1753 refert.

178 1778 463 1843 Casaubonus
503 1779 580 1838 (ad
607 1780 769 1823 Athen.
798 1796 844 1840 p.
869 1779 988 1840 479.)
1019 1778 1330 1823 et·Sa1masius
1361 1779 1427 1837 (in
1469 1776 1553 1821 So-
1586 1785 1588 1787 ’

173 1847 255 1892 1111.
294 1851 342 1909 Ρ.
362 1848 524 1907 ¹602.)‘,
576 1850 654 1909 qui
706 1849 812 1892 huic
850 1850 1098 1898 testimonio
1144 1848 1280 1891 fidem
1320 1846 1552 1890 detrahere

173 1915 373 1970 student,
403 1912 608 1977 perverse
637 1917 803 1961 faciunt
829 1928 875 1962 ,et
900 1917 1109 1960 historiae
1138 1927 1406 1977 repugnant:
1448 1931 1561 1962 nam.

174 2002 277 2030 cum
306 1985 570 2047 Etymologo
600 1985 855 2031 Aristoteles
887 1992 930 2031 et
958 1985 1159 2047 Proclus,
1192 1987 1289 2048 qui,
1318 1996 1441 2047 puto,
1472 1984 1554 2029 ali-

175 2054 289 2116 quid
318 2056 583 2100 auctoritatis
611 2056 797 2110 habent,
828 2058 996 2117 optime
1027 2057 1309 2099 consentiunt
1346 2056 1403 2112 (v.
1434 2051 1551 2109 Part.

173 2135 286 2187 post.
316 2124 450 2186 init.).
513 2115 680 2187 Contra
699 2125 777 2170 alii
790 2126 1043 2187 scriptores,
1075 2140 1184 2186 quos
1203 2122 1464 2185 Etymologo
1482 2140 1553 2167 ae-

176 2194 328 2253 quales
355 2210 599 2255 ponamus,
642 2195 889 2254 Homerum
918 2211 942 2236 a
972 2194 1151 2255 cyclicis
1179 2193 1382 2236 videntur
1410 2191 1553 2235 seclu-

177 2261 306 2307 dere:
346 2262 775 2309 Scholiastae-'enim
805 2262 861 2307 ad
899 2263 990 2307 eius
1028 2263 1225 2307 carmina
1243 2263 1414 2322 'passim
1444 2261 1554 2305 scri-

174 2331 302 2384 bunt,
331 2331 561 2376 historiam
590 2331 785 2395 aliquam
813 2331 928 2391 παρὰ
950 2339 1037 2384 τοῖς
1064 2335 1262 2381 κυκλικοΐς
1291 2330 1381 2373 sive
1411 2332 1454 2374 ἐν
1492 2334 1553 2389 τῷ

176 2399 309 2462 κῦκλω
336 2398 424 2462 legi
464 2403 521 2462 (v.
553 2401 609 2447 ad
638 2400 763 2447 Iliad.
792 2418 829 2459 y.
851 2400 957 2458 2423
987 2419 1027 2446 σ.
1042 2400 1155 2457 4863
1186 2418 1222 2445 τ.
1248 2402 1366 2457 322,
1377 2411 1422 2454 et
1450 2397 1552 2458 al);

108 2516 113 2525 ,
176 2468 299 2521 unde
322 2468 572 2519 Homerum
610 2486 694 2535 pro
724 2468 839 2533 cycli
867 2481 996 2533 poeta
1038 2485 1111 2515 eos
1140 2485 1231 2515 non
1259 2467 1443 2523 habeie,
1474 2466 1556 2512 ali-

175 2541 277 2600 quis
308 2534 552 2585 concludat.
612 2540 704 2586 Sed
741 2538 862 2600 (nolo
894 2541 1034 2593 enim,
1075 2538 1198 2601 ‘quod
1229 2553 1563 2598 nonnunquam

121 2626 124 2629 ·
175 2622 281 2654 sane
309 2609 362 2657 fit
391 2620 434 2654 et
460 2607 536 2653 hic
558 2625 652 2656 non
678 2610 803 2655 omni
826 2610 976 2673 specie
993 2621 1126 2665 caret,
1156 2608 1295 2659 αλλοις
1324 2608 1414 2652 sive
1442 2606 1555 2666 ἄλλῳ

1116 2677 1174 2717 2,
