1828 2906
778 151 899 223 ’.ει
976 203 982 209 .

181 299 300 361 hom.
319 299 466 357 '205.),
497 306 584 361 qua
604 294 663 361 ¹¹in
679 315 740 344 ‘re
759 301 1006 345 Homerum
1034 305 1290 361 sequuntur.
1348 301 1555 347 Arctinus

179 367 289 423 fusti
316 382 490 434 caesum
516 369 629 443 'eum
651 367 814 414 dixisse
842 367 1016 415 videtur
1043 373 1098 424 (v.
1129 367 1301 412 Tabula
1330 368 1492 426 Iliaca).

295 576 384 632 Qui
410 573 633 621 Achillem
661 576 716 621 ab
742 506 1176 640 Issssssesslustratum
1191 591 1282 620 esse
1306 575 1437 631 dicat,
1468 576 1558 622 scio
1609 640 1617 645 x

136 656 140 659 ’
178 644 315 694 alium
350 647 591 690 neminem.
622 647 920 714 Memnonis
949 646 1188 694 adventum
1226 647 1415 701 Quintus
1453 647 1487 690 Ι.
1517 662 1557 691 v.

182 729 262 760 100
301 726 406 761 etss„
436 728 621 766 enarrat.
690 718 899 762 Arctinus
928 716 1102 762 videtur
1139 716 1297 760 unicus
1328 725 1440 771 esse,
1481 716 1560 779 qui

175 783 425 829 Thetidem·
441 784 498 828 de
526 786 768 831 Memnone
795 786 1125 847 praedicentem
1152 786 1269 829 fecit.
1299 844 1302 846 μ

799 908 873 968 Αι1
900 942 938 982 y.

292 992 410 1039 Haec
446 994 594 1038 omnia
624 993 744 1055 apud
775 986 993 1048 Quintum
1021 993 1252 1053 leguntur3
1290 1008 1558 1071 quamquam
1641 1040 1650 1049 ,

116 1105 127 1120 Ι
176 1062 213 1106 is
251 1062 391 1107 multa
425 1062 481 1107 de
521 1064 610 1107 suis
655 1062 847 1108 addidit:
880 1061 1116 1109 nonnulla
1157 1062 1288 1106 etiam
1324 1063 1373 1105 in
1410 1060 1558 1106 tabula

176 1130 310 1179 Iliaca
339 1137 540 1195 expressa
568 1127 682 1178 sunt.

268 1340 364 1391 vElg
398 1339 476 1396 τὴν
503 1347 529 1393 †
544 1345 572 1392 †
616 1337 736 1383 deest
773 1271 1048 1387 viicibdiilum.
1108 1338 1308 1400 Heynius
1328 1337 1461 1382 »πόλιν
1487 1335 1557 1382 vel

106 1441 112 1444 -
173 1407 305 1464 πύλην
334 1406 476 1464 addit3
506 1407 767 1452 alterutrum·
787 1408 944 1470 procul
973 1408 1110 1453 dubio
1138 1425 1293 1453 verum
1323 1420 1406 1451 est:
1442 1406 1557 1451 Bek-

174 1472 304 1520 kerus
339 1476 461 1520 πόλιν
491 1477 715 1538 praetulit
776 1479 1055 1539 Quamquam
1084 1480 1126 1522 ἓν
1153 1485 1245 1529 ταῖς
1274 1471 1446 1528 Σκαίαις
1474 1476 1557 1520 πύ-

173 1549 278 1601 λαις,
310 1557 361 1590 ut
389 1557 529 1590 mater
555 1545 940 1608 praedixerat,
974 1545 1175 1591 Achilles
1204 1545 1462 1590 interfectus
1492 1556 1557 1590 est

173 1613 245 1670 (cf.
279 1604 430 1669 Quint.
461 1615 541 1659 III.
572 1616 642 1661 83.
675 1615 831 1660 Tabul.
849 1615 966 1662 Iliae.
995 1641 1054 1649 -
1083 1614 1259 1676 Fra'gm.
1291 1614 1400 1658 alius
1429 1616 1557 1658 tabu-

171 1681 255 1739 lae,
285 1683 341 1727 de
371 1698 461 1744 quo
492 1677 712 1744 Tychsen.
744 1684 917 1730 Comm.
959 1682 1015 1727 de
1046 1682 1196 1740 Quint.
1234 1701 1281 1744 p.
1285 1684 1451 1728 LXX.
1485 1685 1552 1739 5..)

790 1821 864 1867 Ad
892 1840 924 1868 ε.

284 1890 351 1935 Ita
378 1889 463 1935 hoc
501 1902 809 1953 argumentum
847 1892 897 1934 in
936 1884 1137 1952 quinque
1176 1905 1276 1933 suos
1310 1889 1449 1934 libros
1484 1888 1555 1933 'di-

168 1959 273 2013 visi,
304 1960 429 2020 quasi
459 1960 676 2021 integram
703 1958 1019 2022 Aethiopidem
1049 1960 1295 2005 contineat:
1336 1958 1460 2021 quod
1488 1971 1553 2003 ta-

167 2043 273 2073 men
302 2028 392 2073 fine
421 2029 631 2074 mutilum
660 2045 775 2084 esse,
806 2030 1098 2074 certissimum
1127 2041 1203 2073 est.
1242 2025 1374 2073 Nam
1402 2029 1550 2072 Aiacis

170 2110 359 2143 mortem
387 2099 436 2143 in
456 2098 725 2168 Aethiopide
741 2100 982 2161 expositam
1001 2097 1155 2154 fuisse,
1187 2097 1425 2143 Scholiasta
1445 2098 1552 2141 Pin-

171 2165 269 2232 dari
298 2166 375 2229 (ad
403 2164 800 2229 Isthm.1V.58.·)
822 2167 951 2214 docet
990 2169 1079 2226 (cf.
1090 2168 1257 2217 Annot.
1288 2167 1345 2211 ad
1374 2168 1443 2213 23.
1474 2170 1549 2225 α..)

168 2236 237 2281 Ex
265 2238 422 2283 eodem
439 2236 707 2285 scholiastae
725 2237 822 2284 loco
848 2239 1109 2301 scriptorem
1127 2235 1410 2300 Aethiopidis
1438 2252 1553 2281 non-

168 2322 400 2369 nunquam
439 2309 662 2368 incertum
689 2307 891 2354 habitum
928 2324 1019 2353 esse
1046 2304 1269 2363 videmus;
1312 2306 1447 2350 ceteri
1477 2321 1554 2352 au-

169 2387 261 2435 tem
303 2375 360 2420 ad
396 2394 535 2422 unum
576 2386 727 2428 omnes
767 2378 1004 2433 Aretinum
1043 2394 1146 2422 eum
1183 2377 1316 2422 fuisse
1359 2375 1552 2420 tradunt.

171 2436 261 2502 Qui
291 2434 485 2492 tabulam
513 2447 694 2494 Iliacam
721 2442 852 2503 fecit,
888 2446 1028 2492 multa
1057 2463 1111 2491 ex
1138 2446 1224 2491 hoc
1256 2446 1450 2489 carmine
1480 2460 1554 2488 ex-

167 2516 330 2578 pressit
351 2532 504 2579 eaque
541 2534 595 2563 ex
631 2516 903 2579 Aethiopide
925 2517 1047 2562 κατὰ
1070 2518 1279 2577 Ἀρκτῖνον
1307 2515 1382 2561 τὸν
1408 2513 1555 2572 Mat&-

170 2601 263 2657 moy
301 2597 442 2632 sumta
457 2591 463 2599 ¹
481 2602 576 2633 esse
605 2588 727 2634 dicit.
786 2587 1083 2649 Hieronymus
1112 2588 1162 2631 in
1192 2584 1370 2631 Chi-on(
1390 2584 1551 2633 Euseb.

364 2659 366 2661 ’
617 2673 623 2677 ·
1092 2657 1117 2696 6
