1828 2906
932 74 1003 126 48

652 218 695 265 6.
753 216 1285 274 Κορινθιακά.-
1380 236 1464 263 ³..⁴
1499 223 1597 262 ...ζ’

395 284 572 352 Eumeli
602 286 899 341 Corinthiam,
930 286 1127 332 carmen
1134 285 1336 349 epicum
1330 297 1443 339 ιιοιι
1464 301 1587 338 raro
1590 264 1656 336 ab

278 346 487 423 antiquis
505 356 770 413 auctoribus,
790 357 880 418 qui
908 369 1165 419 supersunt,
1195 354 1424 404 laudatur.
1448 357 1564 405 Eat
1576 374 1657 406 ew-

276 437 369 469 tem
389 418 487 469 hoc
509 439 691 491 poe-ma,
732 424 856 486 quod
888 436 1076 487 praeter
1101 441 1171 470 res
1202 425 1507 487 Corin-thiaqu
1534 427 1656 491 auu}-

278 495 510 558 quissimus
548 494 681 538 etiam
720 492 907 538 Medeae
943 494 1173 543 historiam
1214 493 1476 556 fabulasque.
1514 468 1657 559 Argp-

232 595 236 598 -
271 562 472 606 nauticas
502 562 860 624 eomprehendit‚
900 564 949 606 in
978 562 1248 624 eyclieorum
1274 573 1482 608 numero.
1497 568 1561 619 (v.
1583 579 1658 611 su.-

274 646 358 692 pra
386 630 502 675 Part.
531 647 618 676 sec.
648 633 775 688 init).
834 632 1163 696 Argumentum
1189 634 1290 676 eins·
1301 630 1549 678 aceuratius
1579 631 1658 680 dfi-
1712 646 1718 686 J

275 694 548 757 scribi-,iem3⁸
566 703 618 754 si,
651 701 774 761 quod
803 700 859 745 ad
885 703 954 745 rei
982 702 1322 763 intelligentiam
1359 703 1658 753 necessarium

277 783 362 823 est,
403 785 554 814 omnes
584 769 640 813 de
670 766 871 814 Eumelo
884 769 1024 824 locos,
1066 768 1145 832 qui
1174 772 1223 817 in
1253 772 1443 831 antiquis
1472 772 1659 833 scripto-

275 839 397 883 ribus
421 823 647 900 leguntur,
675 838 943 900 pertractare
972 840 1047 884 hie
1077 840 1251 884 liceret:
1294 839 1657 901 quddqubniam

255 909 407 971 ,spatii
450 910 673 971 angustiae
713 926 806 955 non
833 910 1086 970 patiuntur,
1128 922 1218 955 tota
1242 907 1332 955 villa.
1368 910 1570 957 materies
1606 909 1657 953 in
1724 924 1727 929 “

275 977 542 1041 singularem
571 980 874 1039 quaestionem
910 978 1163 1040 seponenda
1193 990 1268 1022 est.
1335 979 1522 1026 Interim
1534 986 1657 1041 ζροιι-
1716 1000 1724 1044 j

275 1048 389 1092 sulas
422 1047 674 1093 Groddeck.
706 1048 754 1091 in
791 1045 908 1092 Bibl.
937 1060 1039 1093 vett.
1068 1047 1152 1093 litt.
1184 1060 1228 1092 et
1257 1059 1355 1094 artt.
1384 1048 1488 1093 fase.
1520 1048 1578 1094 H
1606 1059 1654 1109 p

273 1115 348 1177 95.
387 1129 483 1161 etss.
538 1118 729 1178 Heynii
767 1116 909 1161 Indie.
950 1119 1152 1179 scriptor.
1193 1118 1258 1177 ab
1283 1116 1493 1178 Apollod.
1533 1115 1654 1169 laud..
1751 1098 1757 1103 Ι

274 1202 309 1231 s.
338 1202 383 1230 n.
412 1185 647 1230 Ruhnken.
678 1187 763 1249 Ep.
796 1186 907 1231 Crit.
939 1187 993 1231 ΙΙ.
1026 1188 1114 1249 ΟΡ.
1146 1187 1203 1232 ΙΙ.
1233 1203 1279 1250 Ρ.
1309 1187 1408 1233 608.
1427 1198 1512 1233 ets.
1542 1187 1658 1235 Pau—

272 1259 414 1308 sanias
432 1255 714 1300 Corinthiaca
743 1254 921 1300 Eumeli
951 1258 1045 1317 ipsa
1074 1272 1166 1301 non
1182 1255 1305 1317 legit,
1334 1256 1414 1300 sed
1429 1258 1657 1318 epitomen

276 1341 429 1371 eorum
454 1342 602 1389 -prosa
637 1323 836 1371 oratione
872 1326 1118 1371 confectam
1153 1325 1229 1385 (cf.
1270 1326 1328 1371 II.
1363 1343 1399 1381 1,
1435 1342 1483 1383 1„
1522 1325 1581 1371 111.
1612 1325 1656 1379 3,

272 1398 315 1441 8.
361 1413 464 1441 cum
503 1394 653 1455 Schol.
683 1395 814 1440 Pind.
859 1395 916 1440 ad
954 1395 1029 1441 Ol.
1061 1396 1185 1441 XIII.
1227 1396 1331 1456 74..)
1390 1396 1447 1443 Et
1481 1394 1657 1446 videtur

272 1465 365 1509 fere
402 1467 492 1508 iam
546 1465 625 1508 illa
674 1477 811 1509 aetate
860 1465 947 1509 hoe
985 1480 1143 1532 poerna
1182 1459 1465 1524 deperditum
1492 1461 1654 1519 'fuisse3

272 1550 379 1578 nam
408 1533 590 1578 Tzetzes
620 1532 697 1593 (ad
719 1534 942 1596 Lycophr.
973 1551 1012 1580 v.
1044 1534 1157 1595 174.)
1187 1544 1231 1579 et
1251 1532 1494 1580 Scholiasta
1512 1533 1657 1595 Apol-

172 1599 181 1616 *
270 1597 386 1648 lonii
414 1601 498 1647 Rh.
505 1600 626 1671 (ad
637 1604 678 1647 Ι
690 1603 1037 1663 146;II.9483
1076 1603 1337 1664 111.1372.)
1395 1604 1483 1647 suis
1511 1601 1654 1652 oculis

269 1671 389 1718 illud
416 1685 649 1742 nunquam
688 1684 977 1738 usurparunt:
1021 1674 1149 1734 prior
1177 1671 1251 1718 ille
1281 1688 1335 1719 ex
1361 1672 1655 1735 Theopompo

272 1743 387 1787 Chio
432 1744 696 1814 sapientiam
743 1759 865 1787 suam
915 1742 1107 1790 hausisse
1151 1759 1198 1787 se
1235 1742 1484 1793 confitetur
1563 1742 1658 1787 Eu-

270 1806 410 1857 nielus
434 1824 581 1858 autem
603 1812 862 1858 Corinthius
881 1829 933 1857 ex
960 1829 1119 1875 genere
1137 1812 1489 1859 Bacchiadarum
1505 1785 1660 1860 oriun—

272 1882 356 1927 dus
385 1882 530 1928 nobili
568 1894 616 1926 et
650 1884 831 1944 antiquo
870 1886 919 1926 in
952 1883 1278 1944 olympiadum
1317 1881 1482 1954 deeade
1493 1883 1658 1943 prima
1698 1902 1704 1911 =

271 1952 437 2004 floruit.
467 1950 554 1997 vid.
585 1947 767 1996 Eusehii
799 1951 964 2001 Chr.on
996 1951 1053 2029 ad
1083 1950 1158 1995 01.
1188 1951 1231 2049 4
1262 1962 1307 1995 et
1332 1965 1376 2011 9.

636 2096 678 2141 7
733 2090 1293 2147 Ἀλκμαιωνίςέ

379 2162 549 2218 Ἀλκμαι
551 2163 646 2212 mic
672 2162 767 2205 sive
795 2162 1051 2218 Ἀλκμαιονὶς
1073 2162 1138 2221 (v.
1158 2160 1311 2206 Bentl.
1341 2149 1425 2223 Ep.
1455 2158 1514 2204 ad
1535 2157 1652 2208 Mill·

267 2224 314 2299 Ρ
358 2226 459 2292 469.
500 2232 549 2275 in
580 2228 670 2293 Op}
713 2226 782 2275 ed.
812 2231 933 2294 Lips.
974 2231 1142 2293 Heynii
1173 2230 1303 2275 Obss.
1346 2228 1404 2275 ad
1439 2228 1652 2293 Apollod-

266 2319 313 2361 Ρ
355 2302 469 2353 352.
488 2296 744 2346 Tzsehucke
783 2297 841 2345 ad
876 2301 1021 2347 Sti-ab.
1062 2302 1120 2358 Χ.
1144 2316 1200 2354 2,
1235 2302 1298 2361 9.)
1334 2300 1447 2345 faeta
1490 2312 1536 2346 et
1568 2299 1655 2345 fata

268 2369 579 2416 Alcmaeonis.
596 2369 880 2416 celebravisse
924 2383 967 2416 et
1000 2370 1260 2433 praecipue
1275 2369 1458 2427 fabulas
1467 2367 1655 2428 Aeto&-
1682 2389 1695 2398 ⁸

266 2456 369 2484 rum
398 2452 441 2485 et
467 2441 766 2495 Acarnanum,
796 2453 952 2503 utpote
980 2442 1065 2485 sihi
1095 2453 1298 2502 cognatas
1328 2428 1402 2500 (ef.
1419 2439 1563 2484 Strab.
1585 2439 1652 2505 ‘X.

268 2527 309 2565 2,
352 2526 387 2553 ι.
428 2511 544 2570 etss.)
587 2526 810 2555 enarrasse
849 2511 961 2555 mihi
996 2509 1185 2556 videtur.
1252 2507 1486 2568 Quomodo
1522 2519 1652 2573 poeta
