1828 2906
877 103 908 151 6

191 246 389 308 cyclum,
431 243 510 289 sed
545 245 679 289 etiam
723 260 968 306 quaenam·
966 244 1060 288 -illa
1097 238 1264 288 fuerint
1303 257 1585 314 quorumque

190 328 436 369 auctorum,
468 314 700 377 deinceps
708 312 952 368 docebitur.
1013 314 1073 357 At
1100 313 1279 357 sonasse
1311 313 1462 396 cyclus
1489 312 1586 376 epil-

190 401 270 429 cus
301 386 434 429 etiam
463 383 605 427 aliud
617 382 731 464 quid
759 382 991 444 significat.
1031 377 1261 443 Heynius
1277 383 1402 436 enim
1431 385 1480 428 in
1501 401 1586 427 an-

191 450 418 500 notatio-ne
445 447 506 497 ad
535 446 692 498 photii
713 450 847 498 verba
868 463 999 514 supra
1022 449 1243 515 adscripta
1261 453 1477 521 primum·-
1472 452 1585 499 haee

192 524 322 568 dicit·
354 523 610 577 „Hactenus
626 523 708 581 (sc.
724 539 750 565 a
764 522 897 565 verbo
913 524 1006 565 δια)
1008 519 1183 578 αμβάνει
1208 545 1266 554 --
1257 517 1584 581 ἔξαληθίζεται)

189 593 406 655 „cyclus
437 586 622 657 epicus
647 592 737 653 ipsi
769 603 833 635 est
861 591 1013 653 cyclus
1044 593 1240 653 ipsarum
1257 604 1431 645 iwerum,
1471 605 1586 653 quae

190 673 534 727 „argumentum
562 673 706 721 pocus
738 658 1102 722 suppeditabant,
1122 661 1331 723 ¹*ideoque
1360 662 1420 714 is,
1452 674 1588 722 quem

192 729 383 783 „melius
407 729 596 784 dicimus
628 728 849 791 cyclum
878 726 1181 805 mythicum
1210 730 1254 774 h.
1277 748 1313 774 e.
1333 717 1587 791 complexus

191 792 500 860 55mythor'11m,
532 814 644 859 quos
674 799 948 859 antiquioies
985 799 1142 860 poetae
1182 801 1273 844 suis
1316 800 1586 844 carminibus

192 880 527 930 „exposuerunt
561 869 619 927 (v.
650 867 767 912 Bibl.
798 879 900 933 vett.
943 865 1028 912 litt.
1060 880 1105 913 et
1133 868 1585 921 artt.fasc‚1·.1ued.

191 938 405 1000 p.15..)“
465 937 558 983 Sed
596 937 705 981 haec
735 934 890 1001 opinio
931 936 1039 982 falsa
1080 949 1145 982 est
1184 950 1228 982 et
1255 955 1435 1000 prorsus
1464 954 1589 1001 sper-

162 1001 166 1006 *
193 1007 358 1062 nenda,
389 1020 521 1070 atque
550 998 725 1052 nullam
757 1007 956 1070 profecto
986 1009 1206 1052 rationem
1244 1010 1340 1053 eius
1370 1009 1485 1053 mihi
1513 1022 1589 1053 ex-

192 1078 454 1138 ploraveris.
492 1076 600 1126 alibi
638 1078 759 1120 enim
788 1076 940 1136 cyclus
977 1079 1129 1137 epicus
1158 1078 1275 1122 hanc
1303 1066 1589 1139 significatio·
1615 1112 1618 1117 «

193 1162 300 1190 nem
329 1146 517 1191 minime
545 1139 697 1190 habet
709 1157 754 1190 et
781 1157 932 1190 nostro
952 1144 1049 1190 loco
1081 1143 1136 1190 de
1153 1148 1369 1209 poematis
1399 1149 1588 1209 cogitare

195 1212 329 1264 etiam
358 1209 748 1260 accommodatius
794 1227 871 1264 est.
945 1214 1124 1259 Deinde
1171 1228 1320 1260 autem
1365 1216 1487 1261 idem
1524 1218 1589 1263 sic

194 1287 365 1348 pergit:
407 1284 570 1339 „Nunc
596 1286 651 1344 (a
686 1285 824 1329 verbo
865 1289 1116 1343 περατοῦται
1152 1310 1212 1320 —-
1246 1288 1460 1346 κτείνεται)
1501 1290 1590 1349 cy-

195 1354 349 1414 „clus
389 1355 579 1416 epicus
617 1348 753 1416 paulo
798 1353 927 1412 aliter
965 1355 1184 1415 accipitur
1221 1354 1277 1398 de
1308 1357 1432 1417 ipso
1461 1372 1592 1417 poe-

197 1436 404 1479 „tarum
432 1435 681 1477 numero,
714 1425 794 1485 qui
823 1420 999 1484 mythos
1030 1423 1157 1484 cyclo
1176 1424 1331 1484 paullo
1356 1437 1455 1469 ante
1474 1425 1590 1472 dicto

198 1494 574 1565 „comprehensos
605 1494 938 1537 carminibus
970 1494 1150 1554 epicis
1178 1501 1502 1555 exposuerant“
1531 1487 1589 1555 (v.

196 1564 227 1607 l.
245 1565 317 1623 c..)
351 1562 443 1609 Sed
462 1580 519 1606 ne
541 1564 657 1607 hanc
675 1561 860 1625 quidem
876 1559 1592 1624 significationemruditisd-
1629 1568 1633 1575 '

196 1650 294 1676 mus
311 1633 616 1694 compiobavit
644 1649 728 1676 nec
744 1649 823 1676 ver
824 1649 914 1684 um,
946 1632 1070 1693 quod
1093 1631 1228 1685 dixit,
1267 1631 1478 1693 equidem
1502 1644 1592 1680 esse

197 1713 324 1765 puto.
374 1700 490 1747 Nam
508 1702 641 1746 ve1ha
670 1697 751 1747 illa
772 1699 870 1756 »δ’
851 1700 989 1754 επικὺς
1007 1699 1154 1755 κύκλος
1164 1701 1541 1760 συμπληρούμενος
1549 1704 1593 1749 ἐκ

199 1772 413 1830 διαφόρων
427 1776 642 1829 ποιητῶν(
670 1770 845 1815 nullum
861 1787 1041 1815 sensum
1064 1772 1205 1815 alium
1227 1772 1285 1829 (si
1315 1771 1512 1832 quidem
1526 1785 1594 1818 to·-

198 1842 287 1885 tius
326 1839 418 1884 loci
461 1840 678 1888 sententia
716 1841 768 1884 in
810 1839 1149 1911 interpretando
1192 1839 1475 1909 respicienda
1508 1844 1592 1903 est)
1633 1872 1635 1881 ι

197 1904 387 1976 possunt
413 1909 599 1962 habere,
640 1909 728 1953 nisi
770 1908 919 1970 cyclus
958 1910 1110 1971 epieus
1142 1921 1345 1954 constans
1375 1906 1593 1972 (comple-

198 1981 287 2041 tus)
344 1981 672 2030 ex·va1iorum
721 1984 956 2042 poetarum
1005 1979 1358 2023 carminibus.
1437 1981 1592 2044 Itaque

198 2066 348 2111 neque
379 2050 580 2111 Heynius
608 2049 828 2111 probavit,
850 2066 943 2094 nec
974 2051 1213 2113 quisquam
1242 2042 1351 2094 olim
1370 2052 1590 2112 probabit,

200 2119 390 2181 cyclum
409 2120 597 2188 epicum
641 2131 968 2183 nonnunquam
1010 2119 1134 2166 aliud
1171 2118 1285 2185 quid
1326 2120 1590 2187 significare,

201 2205 337 2255 quam
370 2206 458 2236 ca1
468 2190 607 2238 mina
637 2191 773 2257 epica-

1753 2005 1777 2161 -ψ
